3167 4984
618 388 794 459 1⁷56
1274 396 1667 451 ascensus·
1718 394 2148 449 uma-ronna

696 551 894 626 poeta,
915 562 1092 623 quem
1121 544 1178 602 in
1203 543 1418 603 osculis
1444 542 1721 613 habebat,
1752 534 2111 600 convaluerit
2146 537 2275 616 jani
2304 538 2495 617 plane,
2524 542 2632 597 aut
2656 544 2815 598 certe

697 644 886 703 multo
911 638 1100 701 minus
1126 660 1281 719 aeger
1305 641 1384 699 sit
1410 640 1731 719 praestitus.
1776 646 1902 698 tum
1942 658 2083 697 vero
2126 636 2277 696 adeo
2316 636 2497 715 gratia
2524 632 2816 707 valebam,

700 748 769 798 ut
787 739 1032 807 diceret,
1063 756 1198 795 suos
1227 743 1436 814 poetas
1461 735 1607 794 mihi
1634 735 1730 793 vel
1758 734 2131 811 possessione
2156 734 2248 792 vel
2280 748 2389 793 usu
2416 732 2579 791 brevi
2608 730 2817 791 datum

701 832 790 896 iri.
877 834 996 893 Sed
1041 852 1160 891 non
1195 850 1306 908 ego
1331 832 1416 891 illi
1459 832 1701 891 nimium
1730 828 2021 901 credulus,
2048 830 2269 909 quippe
2296 846 2569 888 noveram
2596 828 2816 907 ipsum,

699 949 796 989 me
821 929 995 989 etiam
1025 928 1082 987 id
1111 928 1320 987 aetatis.
1399 928 1484 988 Ut
1527 935 1591 986 ut
1636 926 1729 997 sit,
1774 926 1905 1005 ejus
1947 926 2304 1003 benignitate
2330 926 2423 985 vel
2448 940 2646 1005 opera,
2668 944 2823 984 con·

703 1034 926 1087 textum
953 1024 1135 1084 nostri
1161 1023 1416 1085 auctoris
1461 1024 1518 1081 in
1567 1024 1849 1083 mundum
1894 1022 2223 1101 redegimus
2252 1042 2269 1086 z
2321 1023 2409 1081 usi
2454 1022 2693 1100 insuper
2718 1036 2821 1079 co-

699 1121 834 1181 dice
857 1120 1228 1201 Gryphiano,
1257 1120 1314 1179 in
1343 1119 1515 1197 cujus
1539 1137 1643 1178 ora
1668 1118 1851 1179 varias
1878 1116 2157 1179 lectiones
2178 1117 2417 1178 aliunde
2435 1125 2821 1195 expresserat.

705 1221 787 1279 At
837 1216 1036 1279 triduo
1086 1226 1226 1295 post
1280 1216 1536 1293 repetiit,
1590 1216 1913 1295 aliquando
1960 1216 2117 1275 enim
2172 1215 2248 1276 de
2294 1215 2413 1275 suis
2458 1212 2667 1295 vigiliis
2690 1224 2821 1275 erat

705 1314 932 1386 anxius,
981 1313 1056 1373 ad
1102 1332 1290 1391 usque
1338 1312 1610 1372 umbram
1650 1311 2043 1389 suspicionisz
2098 1310 2261 1390 quod
2306 1310 2547 1370 minime
2572 1310 2815 1369 mirum:

703 1427 842 1471 nam
867 1416 930 1469 et
956 1408 1014 1467 in
1041 1408 1132 1469 his
1157 1408 1460 1469 amoribus
1489 1424 1765 1486 magnum
1790 1426 1947 1485 saepe
1974 1423 2011 1466 a
2042 1406 2207 1466 rivali
2246 1406 2444 1485 aliquo
2471 1404 2813 1485 periculum.

709 1504 916 1585 Itaque
941 1515 1077 1565 ante
1105 1505 1376 1574 lustrum,
1405 1512 1510 1563 aut
1538 1504 1675 1581 plus
1704 1522 1795 1573 eo,
1830 1511 1896 1561 ut
1923 1503 2135 1589 rescivi
2180 1502 2431 1562 eundem
2456 1504 2669 1561 librum
2698 1520 2821 1563 esse

705 1601 766 1661 in
793 1604 1006 1662 Museo
1036 1602 1106 1660 V.
1137 1600 1210 1659 C.
1236 1600 1320 1660 H.
1351 1600 1623 1661 Picaultii
1662 1598 1971 1677 splendide
1994 1600 2205 1660 eruditi
2240 1608 2302 1659 et
2338 1600 2609 1661 faventiae
2638 1594 2813 1677 pleni,

705 1698 782 1758 ad
811 1715 946 1757 eum
975 1696 1166 1756 volavi
1189 1697 1508 1767 curriculo,
1537 1697 1659 1755 voti
1688 1696 1817 1766 mei,
1860 1704 1927 1756 ut
1972 1715 2172 1774 reapse
2220 1696 2437 1775 paruit,
2464 1714 2703 1773 compos
2730 1696 2819 1754 fu-

709 1804 892 1853 turus.
973 1792 1198 1852 Exinde
1229 1793 1498 1872 profecto
1544 1794 1826 1871 pleraque
1854 1791 1993 1851 olim
2019 1792 2347 1853 festinando
2378 1790 2672 1871 praeterita
2700 1810 2817 1850 non

707 1890 832 1949 sine
856 1887 1160 1967 voluptate
1189 1889 1570 1968 collegi.--P.
1604 1888 1817 1949 Gnosii
1834 1885 2057 1967 judicis
2088 1889 2315 1968 optimi,
2345 1908 2454 1948 nec
2482 1888 2646 1966 parvi
2674 1888 2821 1946 inter

697 1984 958 2044 literatos
987 1984 1254 2057 nominis,
1291 1986 1543 2045 Schedia
1592 1994 1657 2044 ut
1700 1984 1983 2061 placitum
2012 1982 2269 2064 inspexi:
2318 2004 2353 2043 e
2380 1985 2595 2063 quibus
2623 1994 2821 2043 aucta-

703 2081 856 2139 rium
900 2081 1042 2140 satis
1079 2083 1342 2161 amplum
1385 2090 1799 2159 repraesentare
1847 2082 2297 2159 potui—omues
2334 2081 2511 2141 etiam
2530 2078 2821 2139 editiones

705 2177 827 2237 fere
851 2177 1262 2250 delibavimus,
1295 2197 1404 2238 nec
1431 2178 1552 2239 ulla
1577 2176 1713 2237 freti
1740 2180 2121 2255 conjectura.'
2202 2180 2297 2239 De
2323 2178 2433 2237 hac
2461 2176 2721 2238 editione
2738 2177 2823 2235 im

709 2274 887 2351 cnsp.
937 2274 1222 2333 Barthius
1263 2274 1320 2333 in
1369 2273 1711 2352 praefatione
1740 2274 2017 2333 secundae
2060 2294 2222 2336 suae:
2282 2280 2301 2307 ⁸
2330 2273 2587 2334 Laudem
2616 2271 2824 2353 praeci-

707 2388 884 2448 puam
929 2379 1202 2442 meretur,
1247 2390 1382 2450 quae
1429 2387 1502 2429 ex
1547 2370 1880 2447 Cujacianis
1925 2370 2087 2429 libris
2134 2379 2197 2429 et
2238 2368 2739 2429 observationibus
2787 2386 2824 2427 a

707 2467 1004 2545 Stephano
1033 2466 1306 2526 Claverio
1331 2467 1560 2527 Parisiis
1587 2466 1747 2527 edita
1766 2466 1823 2525 in
1846 2467 1987 2526 satis
2006 2467 2201 2545 ampla
2221 2476 2284 2525 et
2296 2464 2622 2544 splendida,
2642 2465 2825 2542 paulo

709 2573 844 2639 post
869 2582 902 2621 a
933 2564 1228 2638 Scaligero
1259 2564 1318 2621 in
1351 2563 1787 2623 minutissimam
1814 2564 2085 2633 formam,
2134 2563 2261 2622 solo
2308 2570 2528 2635 tamen,
2556 2570 2621 2620 ut
2648 2578 2825 2619 voca·

707 2675 858 2728 mus,
883 2666 1071 2727 textu,
1098 2659 1356 2729 redacta,
1387 2666 1448 2716 et
1473 2677 1510 2715 a
1535 2658 1915 2717 Plautinianis
1941 2667 2033 2718 est
2060 2658 2275 2735 saepius
2295 2676 2519 2717 recusa.
2600 2654 2821 2715 Totam

710 2753 862 2813 hanc
889 2755 1309 2832 corrigendam,
1340 2753 1733 2831 probandam,
1762 2754 2305 2827 examinandam,in
2326 2766 2526 2814 nostra
2554 2755 2663 2812 liac
2685 2756 2825 2833 pro·-

707 2848 1060 2928 mulgatione
1101 2851 1520 2929 reponendam,
1569 2852 1883 2912 duximus:
1956 2854 2255 2913 Gesner-us
2304 2851 2504 2915 addit:
2568 2852 2673 2909 Est
2720 2849 2825 2929 qui

707 2946 1066 3007 Claverianae
1095 2948 1231 3006 huic
1257 2948 1501 3008 editioni
1541 2949 1840 3026 adjectum
1884 2949 2060 3009 etiam
2100 2958 2377 3008 memoret
2402 2950 2498 3009 Jo.
2524 2948 2825 3006 Tornoru·

710 3042 828 3120 paei
854 3044 1352 3105 commentarium
1379 3046 1456 3104 ad
1485 3064 1723 3105 carmen
1752 3045 1829 3105 de
1878 3061 1987 3106 111.
2007 3056 2069 3105 et
2098 3060 2193 3105 lv.
2221 3044 2528 3104 consulatu
2552 3043 2825 3103 Honorii.

710 3140 776 3198 ln
803 3149 1002 3199 nostro
1029 3141 1266 3220 quidem
1296 3142 1566 3220 exemplo
1596 3138 1815 3201 nullum
1845 3143 1975 3220 ejus
1988 3142 2076 3202 rei
2096 3141 2398 3219 vestigium
2424 3139 2827 3219 deprehende-

709 3233 868 3295 bam.
943 3238 1164 3297 Flornit
1189 3248 1384 3296 autem
1412 3257 1484 3296 eo
1512 3247 1777 3317 tempore
1805 3248 1863 3298 et
1891 3240 1949 3298 in
1977 3239 2239 3299 Persium
2268 3245 2435 3297 notas
2472 3236 2656 3296 edidit
2674 3234 2826 3295 Tor-

709 3346 1025 3408 norupaeus
1065 3332 1246 3392 Paris.
1283 3333 1456 3395 1601.
1485 3344 1546 3395 4.

628 3454 711 3472 -κ
735 3424 1120 3498 Plautiniaua,
1147 3429 1451 3490 Pulmanni
1503 3446 1597 3491 lv.
1646 3448 1702 3489 c.
1754 3451 1812 3492 n.
1864 3434 1953 3491 M.
1999 3434 2075 3491 A.
2128 3430 2347 3502 Delrio,
2374 3448 2471 3508 ap.
2502 3430 2822 3490 Mor-etum.

711 3522 892 3579 Antv.
921 3532 1016 3583 12.

636 3611 790 3674 1603
824 3615 1016 3693 Lugd.
1047 3627 1104 3677 4.
1150 3618 1208 3677 in
1251 3622 1513 3698 Corpore
1535 3622 1797 3681 omnium
1846 3630 2105 3683 veterum
2149 3628 2456 3701 poetarum
2485 3621 2826 3682 Latinorum

659 3748 666 3754 -
709 3711 1034 3771 secundum
1058 3716 1260 3775 seriem
1291 3730 1645 3796 temporum,
1674 3734 1752 3779 1¹.
1782 3720 1900 3778 vol.

631 3838 712 3855 --·
736 3806 920 3867 Paris.
951 3818 1009 3868 4.
1037 3827 1133 3887 ap.
1165 3813 1302 3870 vid.
1335 3813 1497 3873 Guil.
1529 3816 1875 3874 Chaudiere.

615 3911 712 3953 ἲ·-
736 3904 1119 3983 Raphelengii
1171 3924 1218 3965 1.
1261 3927 1335 3965 ex
1365 3911 1658 3969 emendat.
1688 3913 1943 3970 virorum
1980 3908 2316 3980 doctorum,
2345 3930 2419 3970 ex
2446 3909 2601 3969 offic.
2631 3906 2824 3967 Plant-

705 3998 1104 4077 Raphelengii.
1133 4010 1232 4061 24.
1251 4002 1326 4061 de
1345 4022 1460 4081 qua
1491 4004 1771 4066 Heinsius
1790 4008 1849 4064 in
1874 4004 2040 4082 praef.
2094 4012 2111 4041 ‘
2136 4005 2667 4084 Raphelengianan
2696 4022 2824 4062 om-

708 4094 870 4167 nium
897 4104 1044 4175 quot
1075 4096 1196 4157 vidi
1237 4098 1540 4177 optimam,
1584 4119 1761 4179 quam
1796 4100 2151 4179 scaligerum
2190 4102 2553 4161 recensuisse
2598 4099 2825 4168 volunt,
