3167 4984
880 405 979 468 1513
1024 419 1277 472 nAP'ru
1327 423 1824 479 PROSERFINAE
1868 429 2012 480 mn.
2059 431 2136 481 ιι.

408 557 655 608 diffusius.
691 557 763 611 D.
787 557 963 611 Ηείιιε.

418 639 531 684 'rs
554 635 801 700 Δεείάιιίε]
833 638 1023 688 Locum
1048 639 1185 689 enim
1208 653 1323 690 eum
1348 655 1473 690 sem-

406 725 497 776 per
517 710 733 761 floribus
761 719 989 762 comtum
1021 715 1327 778 eredebant,
1348 730 1473 767 ιιιιιι-

406 801 554 852 qnam
575 785 857 837 deficiente
882 790 1223 840 successione.
1259 792 1436 843 Barth.

410 887 423 895 ·
447 863 531 912 ²79
558 863 855 927 Pubesoane]
906 865 1037 916 Quae
1070 879 1205 916 novo
1240 869 1469 929 germine

402 937 665 988 luxuriant
684 939 931 1002 pubescere
953 940 1213 992 dicuntur.
1270 975 1275 982 -

406 1014 733 1065 ·‘'Pabescdnt
748 1017 959 1078 virgulta
982 1018 1118 1078 velis,
1150 1019 1227 1082 ut]
1248 1020 1467 1068 -vatica-

398 1103 491 1138 nus
528 1105 665 1140 unus
704 1093 931 1141 melioris
975 1100 1115 1140 notae
1136 1087 1467 1144 {wasmont

392 1165 606 1229 virguua
622 1183 766 1219 novo.-
788 1167 1099 1228 nuncsertiln's
1112 1169 1293 1232 Hybla.
1316 1170 1465 1220 Idem

394 1245 515 1292 mox
556 1246 695 1307 large
728 1245 989 1314 blanditur,
1034 1258 1136 1294 non
1173 1247 1324 1310 longe.
1388 1249 1463 1297 D.

396 1317 583 1368 Heius.

459 1393 651 1457 Hybla]
674 1393 1069 1448 Amoenissimus
1092 1399 1281 1448 Sicilia·
1302 1400 1463 1450 locus.

394 1469 573 1520 Barth.

408 1549 522 1594 :81
563 1547 803 1610 Quicquid
838 1548 1112 1613 thuriferis]
1144 1549 1301 1602 Aiter
1331 1552 1461 1602 Vos-

394 1621 569 1672 sianus
601 1623 825 1684 roriferis
862 1626 945 1674 vel
969 1625 1225 1689 flor-ism,
1264 1637 1461 1678 utrum-

392 1711 497 1762 que
538 1701 753 1762 vulgato
795 1701 955 1750 nihilo
994 1703 1235 1752 deterius.
1303 1703 1461 1752 ovid.

385 1774 407 1800 ⁴
424 1775 549 1823 Non
564 1773 743 1824 Arabo
759 1783 939 1826 noster
952 1792 1066 1828 rore
1088 1780 1309 1842 capiilus
1322 1779 1463 1830 olet.'

388 1849 543 1901 Idem
577 1853 735 1902 alibi:
784 1856 800 1883 ‘
824 1851 1002 1904 Thura
1035 1854 1173 1904 ferat
1200 1853 1460 1921 floresque

391 1926 519 1976 aiios
558 1929 822 1978 Panchaia
862 1930 1063 1978 teitusz’
1114 1931 1369 1994 quomodo
1406 1939 1461 1981 et

390 2001 710 2066 &beista-es
725 2005 897 2054 statio
910 2007 1121 2056 Pietate
1142 2005 1459 2059 Abascantii.

392 2077 459 2126 D.
483 2077 663 2129 Heius.

382 2157 413 2174 ·‘
452 2156 523 2202 82
558 2155 819 2220 Quicquid]
852 2159 1190 2222 Quocunque.
1232 2159 1405 2210 Barth.

454 2233 519 2278 8³
556 2231 813 2295 Επεπιιίε]
843 2233 1025 2283 Scribe
1062 2249 1179 2284 cum
1218 2237 1456 2286 Cluverio

388 2304 613 2370 aliisque
656 2308 950 2359 melioribus
1004 2311 1143 2360 libris
1196 2313 1456 2371 extremis,-

388 2382 599 2431 ultimos
618 2385 753 2432 enim
789 2391 944 2436 terrae
966 2388 1174 2436 colonos
1209 2388 1455 2453 loquitur.

390 2461 616 2514 Quidam
640 2471 695 2513 et
716 2463 899 2514 Subdiu
918 2466 1110 2516 babent
1133 2479 1227 2530 pro
1252 2468 1455 2519 Colonia

452 2616 569 2666 Ales
600 2621 813 2680 tongaeva
848 2619 1041 2683 colonis]
1086 2619 1329 2685 Isingrin.
1364 2621 1454 2670 Sa·

390 2691 533 2754 bais-2·
565 2695 759 2757 piacet.
824 2697 969 2746 Unus
1002 2697 1187 2747 Petam
1219 2704 1274 2746 et
1308 2698 1453 2748 Med.

389 2767 487 2816 ales
506 2771 743 2830 longoevns
778 2772 953 2832 arenis,
976 2772 1029 2820 in
1051 2786 1155 2837 quo
1176 2787 1311 2822 verae
1353 2773 1455 2821 lec-

389 2843 544 2894 tionis
566 2847 791 2910 vestigia
820 2853 1090 2910 apparent.
1123 2847 1193 2896 D.
1219 2849 1389 2898 Heius.

452 2925 519 2970 84
578 2922 759 2984 Optato
800 2929 1013 2985 repetens
1051 2924 1249 2973 exordio
1289 2922 1452 2986 soeclo]

390 2995 477 3046 Sic
512 2997 721 3061 quidam
762 2999 995 3048 codices:
1050 2999 1155 3061 aiii,
1186 3005 1332 3062 portu
1366 2999 1453 3047 vel

378 3075 517 3134 fato.-
550 3073 743 3136 Isingr.
764 3075 929 3134 ὺιιείος
960 3075 1121 3123 bene:
1157 3081 1216 3123 ut
1238 3074 1361 3123 alibi
1382 3074 1449 3122 de

388 3147 633 3213 Iffboenice
674 3149 899 3199 Noster:
949 3152 966 3179 ‘
989 3149 1283 3214 gaudetque
1322 3150 1451 3198 mori

384 3220 607 3272 festinus
630 3223 683 3270 in
707 3224 908 3274 ortum!
971 3224 1158 3285 Vulgo,
1193 3225 1346 3286 optati
1378 3238 1450 3272 re-

372 3299 539 3359 ferens
579 3301 774 3350 emm-dia
816 3304 955 3352 soeoci.
1023 3301 1307 3352 Oxouiens.
1346 3317 1449 3351 non

384 3377 521 3427 male
544 3383 709 3427 exacto
722 3383 933 3441 repetens
948 3393 1023 3428 ex.
1044 3380 1198 3428 soeclo.
1263 3378 1451 3428 Posset

386 3445 444 3504 et
479 3459 645 3517 aptato
677 3454 809 3503 busto
845 3455 969 3518 legi,
992 3455 1072 3503 vel
1111 3459 1272 3520 optato
1304 3455 1445 3504 letho.

382 3527 551 3580 Idem.

452 3607 522 3652 86
556 3606 625 3654 Ut
645 3603 854 3667 merear]
889 3603 1133 3654 Meliores
1166 3605 1284 3655 iibri
1314 3605 1373 3654 τὸ
1392 3611 1460 3657 ut.

384 3679 651 3729 omittunt.
690 3681 843 3730 Idem.

449 3759 513 3807 8¹1
547 3757 620 3806 Et
640 3759 815 3805 nostris
846 3757 1063 3820 cupiant]
1097 3755 1279 3805 Petav.
1311 3759 1445 3821 opti-

383 3847 487 3882 mae
526 3843 663 3884 notae
688 3837 920 3895 fovent,-
968 3842 1093 3900 puto
1131 3850 1225 3898 pro
1254 3841 1447 3886 voveant

386 3909 715 3967 autsuveant:
750 3911 1005 3976 quomodo
1028 3911 1249 3960 Ennius:
1293 3913 1307 3939 ‘
1334 3911 1446 3960 Ma-

383 3991 545 4035 tronae
587 4003 753 4036 muros
793 3990 1053 4054 complent
1092 3997 1332 4050 spectare
1375 3987 1444 4036 fa-

382 4063 600 4112 ventes!
661 4064 827 4112 ovid:
842 4065 1009 4128 Epist.
1044 4064 1269 4127 Hyps.‘
1296 4064 1445 4112 Adde

384 4137 520 4200 quod
541 4138 764 4186 adscribi
776 4137 928 4187 factis
942 4153 1312 4218 procerumque
1328 4138 1448 4188 tuis·

381 4225 483 4276 que
520 4205 591 4264 Se
627 4211 824 4263 favet!
848 4219 936 4265 ut
978 4207 1031 4262 in'
1076 4214 1447 4266 vetustioribus

2434 419 2603 485 1651

1542 570 1851 622 membranis
1888 572 2100 636 legitur.
2153 573 2338 640 Vulgo
2365 577 2431 627 Se
2456 578 2604 639 facit.

1543 645 1711 699 Idem.

1607 725 1671 771 88
1693 725 2018 789 madidantes]
2043 727 2274 778 Probum
2298 735 2352 779 et
2375 729 2450 780 r'ei
2473 745 2610 794 prai-

1539 802 1677 851 senti
1699 803 2021 866 aptissimum
2054 806 2288 857 verbum.
2355 809 2604 860 Madidnn'

1540 877 1788 928 dicebant
1809 886 2012 932 veteres
2035 883 2172 946 quod
2211 884 2418 933 madore
2441 885 2606 936 conti-

1540 967 1642 1002 nuo
1678 957 1921 1018 quopiam
1956 957 2217 1021 impletur.
2281 959 2370 1009 Sic
2407 961 2608 1010 lotitans

1541 1040 1636 1089 pro
1672 1030 1890 1094 latente,
1928 1038 1983 1080 et
2025 1032 2238 1083 viridans
2271 1049 2367 1099 pro
2401 1036 2604 1088 virente

1538 1101 1762 1153 efferunt
1784 1106 1937 1156 Lucr.
1958 1115 2012 1156 et
2032 1109 2179 1171 Virg-
2215 1110 2394 1162 Barth.

1548 1184 1666 1229 89
1699 1181 1935 1243 Moritct]
1963 1183 2273 1246 Foecundat,
2306 1187 2449 1237 velut
2481 1201 2604 1238 con-

1528 1254 1680 1318 jugio
1703 1256 1906 1305 amabili
1943 1258 2092 1306 homo
2125 1263 2382 1328 masculus
2404 1261 2604 1315 foemel·

1534 1330 1658 1379 lam.
1713 1331 1982 1381 Horatius:
2015 1319 2234 1384 ‘adulta
2271 1337 2448 1387 vitium
2485 1353 2606 1402 pro·

1535 1405 1728 1468 pagine
1753 1405 1902 1456 Aitas
1918 1407 2127 1457 maritat
2152 1410 2388 1472 populos.
2419 1412 2570 1466 Idem.

1600 1487 1666 1532 90
1727 1484 1908 1534 Vernus
1951 1487 2169 1550 seqnitur
2211 1489 2362 1550 color]
2409 1491 2604 1554 Scripti

1533 1557 1707 1617 rubor,-
1729 1564 1788 1608 ut
1807 1561 1975 1624 Nupt.
2001 1560 2286 1611 Celerinaet
2309 1563 2327 1591 ⁴
2347 1571 2453 1612 tum
2477 1579 2602 1615 vere

1535 1636 1782 1687 rubentes
1799 1637 2040 1701 Desuper
2057 1639 2326 1690 invertunt
2339 1642 2603 1694 calathos?

1534 1711 1605 1761 Β.
1627 1713 1797 1762 Heius.

1544 1807 1551 1814 ·
1597 1780 1662 1836 '91
1715 1789 1966 1854 Mediaque
2002 1791 2194 1856 potent]
2240 1793 2429 1844 Totum
2463 1795 2601 1860 quod

1534 1861 1674 1912 inter
1705 1866 1890 1915 eoelum
1927 1873 1983 1916 et
2021 1874 2215 1918 terram
2256 1875 2339 1919 est
2373 1871 2604 1922 serenari

1535 1939 1682 1989 dicit.
1721 1941 1899 1992 Barth.

1598 2015 1850 2081 Mediaque
1863 2025 2034 2082 patent
2063 2037 2267 2072 convexo
2287 2023 2468 2087 sereno]
2502 2025 2600 2074 Ar·

1532 2098 1658 2154 gnte
1681 2092 1980 2146 Puteaneus
2003 2099 2288 2162 madidoque.
2321 2101 2518 2151 Noster
2531 2101 2600 2151 de

1532 2167 1684 2216 Nilo.
1720 2168 1736 2195 ‘
1758 2169 2014 2234 AEgyptus
2037 2173 2148 2222 sine
2182 2175 2316 2224 nube
2339 2175 2520 2226 ferax
2505 2191 2602 2226 ιιιι-

1528 2243 1752 2310 bresque
1767 2259 1975 2296 serenos
1989 2249 2110 2298 Sola
2120 2251 2301 2300 tenet!
2313 2253 2600 2320 Ennomus,

1532 2317 1948 2382 Epigr.cx1.1x.‘
1967 2325 2045 2372 En
2063 2325 2173 2373 sine
2195 2326 2332 2375 nube
2350 2329 2484 2390 pluit
2503 2329 2598 2377 snb

1532 2393 1687 2442 tectis
1725 2395 1892 2445 imbre
1929 2411 2132 2461 sereno,
2169 2401 2242 2449 Et
2281 2402 2399 2450 coeli
2432 2400 2598 2452 facies

1531 2483 1660 2532 pura
1682 2471 1940 2522 ministrat
1959 2474 2154 2538 aquas!
2203 2477 2402 2528 Statius
2423 2479 2602 2527 Satur-

1530 2547 1766 2598 nalibus:
1802 2549 1818 2577 ‘
1843 2551 2024 2602 Qualis
2059 2566 2152 2614 per
2188 2566 2380 2601 cuneos
2414 2553 2596 2616 hyems

1528 2623 1742 2673 Latinos
1795 2624 2012 2675 Plebem
2061 2626 2308 2689 grandine
2363 2626 2600 2678 concutit

1530 2699 1761 2750 serenaz’
1794 2702 1868 2750 sic
1894 2701 2096 2771 omnino
2119 2703 2466 2765 scribendum,
2495 2716 2596 2752 non

1527 2788 1768 2824 serenam:
1800 2777 1906 2839 agit
1941 2777 2009 2826 de
2047 2778 2314 2840 sparsione
2337 2778 2596 2848 tbeatrali.

1526 2851 1715 2900 ludunt
1736 2852 1789 2900 in
1810 2852 1950 2902 hisce
1971 2852 2161 2916 poe‘tae.
2228 2854 2378 2910 Idem
2401 2855 2596 2903 Statius

1525 2927 1794 2998 Lacrymip
1833 2929 2072 2978 Etrusci:
2108 2930 2124 2956 ‘
2149 2935 2206 2978 tu
2243 2927 2437 2977 messes
2473 2929 2595 2978 Cili-

1528 3015 1748 3066 cumque
1773 3001 2107 3067 Arabumque
2141 3004 2378 3066 superbis
2401 3005 2590 3066 Merge

1526 3077 1681 3138 rogis.
1703 3075 1837 3125 ferat
1853 3076 1984 3144 ignis
2009 3092 2135 3140 opes
2153 3078 2392 3140 haeredis,
2409 3085 2463 3127 et
2487 3079 2592 3126 alto

1526 3149 1738 3214 Aggere
1755 3147 1960 3198 missuri
1980 3151 2144 3198 nitido
2162 3152 2246 3214 pia
2269 3151 2444 3200 nubila
2459 3152 2592 3200 coelo

1525 3227 1800 3292 stipentur
1818 3225 2057 3276 cineres!
2091 3225 2162 3275 Β.
2185 3227 2358 3276 Heius.

1591 3305 1656 3351 92
1710 3302 1935 3352 Vaccinio
1977 3302 2114 3364 nigro
2168 3302 2368 3366 Imbait]
2425 3303 2594 3355 Induit

1525 3391 1654 3426 unus
1673 3375 1912 3427 Ambros.
1945 3385 1999 3426 et
2039 3384 2260 3427 vetustae
2299 3375 2589 3442 editiones;

1526 3459 1689 3502 recte.
1731 3453 1886 3503 Cons.
1948 3454 2130 3518 Olybr.
2179 3457 2195 3482 ‘
2246 3461 2298 3503 te
2341 3456 2590 3509 messibus

1525 3535 1680 3578 aestas
1721 3529 1957 3579 Induat:'
2000 3536 2052 3579 et
2094 3530 2182 3579 lib.
2217 3545 2253 3580 1.
2294 3531 2346 3579 in
2383 3531 2590 3582 Stilich.

1521 3602 1537 3630 ‘
1576 3603 1960 3655 Cum-floribus
2001 3609 2224 3670 aequora'
2254 3607 2424 3656 vernis
2459 3609 2588 3658 Bos-

1522 3682 1714 3746 phorus
1736 3683 2006 3732 indueret!
2041 3682 2328 3733 Pentadius
2353 3685 2419 3734 de
2445 3699 2588 3746 vere,

1500 3757 1536 3790 ·‘
1571 3755 1710 3805 foliis
1749 3771 1864 3806 sese
1901 3757 2071 3807 induit
2097 3747 2280 3808 arbor.
2283 3759 2298 3782 '
2352 3758 2588 3810 Avienus

1522 3833 1898 3895 Prognosticis.
1916 3826 2142 3883 ‘Induit
2161 3835 2445 3884 immodicis
2463 3849 2584 3884 cum

1524 3917 1688 3956 semet
1705 3905 1918 3980 floribus
1935 3907 2088 3957 ilex*
2056 3943 2070 3971 ,
2114 3911 2248 3974 quod
2275 3925 2340 3958 ex
2361 3911 2446 3957 iiio
2469 3909 2589 3957 vir-

1524 3975 1633 4047 gilii
1657 3992 1910 4033 sumtum:
1945 3986 2098 4034 ‘cum
2133 4001 2190 4036 se
2223 4000 2327 4034 nux
2365 3985 2588 4048 plurima

1524 4061 1664 4109 silvis
1686 4062 1908 4112 Induet
1895 4077 1948 4111 in
1970 4061 2184 4113 florem?
2218 4063 2364 4112 Idem
2389 4061 2582 4126 Georg.

1522 4150 1599 4186 iv.
1633 4137 1958 4203 ‘Quotque
1944 4153 1996 4187 ιιι
2031 4137 2160 4188 flore
2182 4151 2314 4186 novo
2336 4136 2502 4199 pomis
2525 4151 2584 4188 se

1520 4213 1711 4267 fertilis
1744 4217 1901 4268 arbos
1935 4215 2205 4278 Induerat,
2240 4211 2461 4267 totidem
2494 4229 2583 4272 au·
