3167 4984
1318 379 1331 392 ·
1410 361 1590 476 1⁸7ae

767 766 1322 892 RECENSUS
1389 769 1914 848 CODICUM
1975 773 2217 852 MSS.

1126 963 1269 1032 οι..
1312 943 1863 1034 CLAUDIAM
2006 1011 2014 1016 .

542 1167 677 1223 om
710 1165 797 1220 m
830 1123 1361 1224 muneratas
1397 1172 1870 1227 narraumcls
1902 1173 2433 1233 manumve.

1188 1361 1798 1408 m

708 1531 809 1600 CI.
846 1531 1191 1602 Claudiani
1223 1534 1473 1606 Codices
1513 1537 1581 1602 in
1611 1537 1835 1606 Museo
1875 1537 2270 1606 Britannico.

390 1680 559 1798 ΗῙιαῐ
586 1728 979 1799 Bibliotheca
1004 1728 1213 1820 Regia
1236 1734 1343 1800 15.
1372 1731 1461 1798 Α.
1482 1750 1619 1800 vn.
1647 1734 1715 1804 6.
1741 1734 1983 1815 codex,
2012 1737 2190 1802 inter
2215 1737 2347 1804 alia
2373 1741 2592 1824 varia,

380 1834 677 1903 munet
704 1830 1057 1900 Claudiani
1088 1833 1173 1898 de
1202 1834 1439 1920 Raptu
1483 1835 1909 1924 Proserpinae
1942 1846 2080 1905 tres
2104 1840 2342 1907 libros.
2403 1841 2588 1912 Saso.

384 1951 567 2002 1111.

466 2037 553 2106 In
597 2034 985 2104 Bibliotheca
1034 2035 1397 2106 Han-laianu
1439 2039 1594 2106 cod.
1641 2039 1839 2108 2753.
1883 2043 2184 2108 continet
2233 2041 2590 2114 claudiani

381 2139 837 2226 opoeainhoc
874 2141 1139 2208 ordine:
1185 2145 1251 2209 1.
1282 2143 1369 2210 In
1390 2141 1708 2210 Rufinum
1738 2143 1888 2209 Lib.
1919 2143 2115 2210 duos.
2159 2146 2223 2212 2.
2253 2146 2362 2212 De
2391 2148 2588 2214 Bello

380 2242 743 2317 emunim
802 2241 1096 2310 Librum
1184 2245 1251 2310 3.
1297 2244 1379 2310 In
1442 2244 1836 2329 Eutropium
1881 2244 2036 2310 Lib.
2099 2246 2291 2312 duos.
2361 2249 2588 2316 4.1)e

380 2343 665 2430 Nuptiis
697 2343 987 2410 Honorii
1014 2344 1305 2430 Augusti
1332 2353 1405 2410 et
1431 2345 1706 2412 Mariae:
1731 2345 2167 2413 Fescennina.
2209 2349 2384 2414 5.1n
2408 2351 2586 2437 ejus·

380 2443 532 2512 dem
562 2445 865 2533 Nuptias
888 2465 1177 2513 carmen.
1220 2448 1285 2512 6.
1311 2447 1422 2512 De
1445 2447 1642 2512 tertio
1671 2452 1737 2510 et
1761 2449 2004 2530 quarto
2035 2445 2404 2516 Consulatu
2431 2451 2588 2518 Ho-

379 2549 551 2614 norii
568 2547 864 2631 Augusti
894 2547 1316 2632 Panegyrim.
1362 2547 1430 2612 ⁹7.
1464 2546 1570 2612 De
1603 2545 1824 2612 Mallii
1850 2546 2186 2614 Theodori
2209 2547 2584 2618 Consulatu

377 2648 799 2735 Panegyrim.
888 2652 953 2717 8.
1000 2649 1109 2715 De
1138 2646 1487 2714 Laudibus
1530 2647 1918 2713 Stilichonis
1951 2648 2104 2716 Lib.
2135 2655 2290 2716 tres.
2378 2650 2447 2718 9.
2478 2652 2586 2719 De

378 2759 570 2822 sexto
594 2753 885 2820 Honorii
918 2751 1289 2820 Consulatu
1324 2750 1742 2834 Panegyrim.
1805 2750 1912 2816 10.
1959 2750 2068 2816 De
2107 2752 2306 2817 Bello
2336 2751 2592 2820 Getico

378 2854 671 2921 Librum·
744 2857 853 2921 11.
901 2853 1217 2940 Eidyllia‚
1249 2852 1773 2970 Epigrammata,
1804 2855 2196 2937 promiscue.
2249 2856 2359 2920 12.
2405 2855 2588 2922 Lau·

376 2957 493 3022 des
522 2957 791 3022 Serenae
838 2959 1107 3041 reginae,
1144 2955 1381 3020 uxoris
1412 2954 1819 3019 Stilichonis.
1909 2953 2018 3019 13.
2062 2955 2583 3039 Epithalamium

376 3057 671 3126 Palladii
700 3065 767 3123 et
797 3057 1145 3124 Celerinae
1210 3057 1322 3122 14.
1368 3055 2025 3154 Gigantomaehiam.
2097 3056 2205 3120 15.
2255 3056 2364 3121 De
2395 3055 2586 3141 Bap-

374 3165 449 3226 tu
490 3159 918 3244 Proserpinae
967 3160 1119 3225 Lib.
1166 3165 1327 3224 tres,
1419 3157 1848 3222 Desideratur
1892 3159 2068 3222 finis.
2071 3156 2324 3222 ——Cod
2376 3175 2584 3222 mem·

374 3263 563 3327 bran.
589 3281 751 3328 saec.
788 3279 919 3327 xv,
952 3261 1099 3327 sine
1125 3262 1325 3339 notis,
1354 3259 1786 3342 argumentis,
1816 3266 1886 3326 et
1906 3260 2202 3346 capitum
2232 3258 2468 3325 titulis.
2555 3295 2562 3302 ·

334 3415 341 3422 .
386 3395 409 3404 ·-
460 3362 631 3430 Cod.
664 3364 860 3429 5198.
890 3364 1061 3430 inter
1088 3363 1225 3429 alia
1253 3364 1464 3428 multa
1491 3359 1766 3447 politica
1791 3361 2070 3426 exhibet
2111 3359 2470 3426 Claudiani
2487 3359 2586 3426 de

376 3463 604 3551 Raptu
635 3466 1055 3550 Proserpinae
1084 3468 1235 3534 Lib.
1271 3485 1383 3534 ιιι.
1429 3465 1735 3530 Chartae.
1765 3463 1908 3528 sine
1935 3463 2138 3541 notia,
2169 3483 2328 3530 saec.
2361 3480 2494 3530 XV.

461 3567 631 3634 eod.
672 3569 868 3634 3520.
912 3569 982 3632 in
1012 3573 1207 3635 tomis
1254 3569 1544 3635 duobuS.
1636 3565 2094 3644 Continentur,
2121 3568 2292 3631 inter
2319 3567 2476 3646 alia,
2505 3567 2580 3633 in
2625 3591 2636 3600 ·

372 3677 557 3737 torno
586 3673 799 3755 primo
845 3671 1355 3755 Inscriptiones,
1400 3671 1923 3755 Epigrammata,
1955 3687 2236 3754 quorum
2264 3669 2580 3736 nonnulla

373 3775 527 3848 (art.
554 3772 651 3850 3.)
680 3783 835 3840 sunt
864 3773 1238 3840 Claudiani.
2042 3852 2050 3860 ι
2529 3801 2534 3808 ·

462 3872 643 3938 Inter
675 3874 923 3942 Codices
948 3875 1373 3953 Bur-micum,
1404 3875 1758 3942 Claudiani
1790 3872 2041 3958 Opera,
2073 3874 2430 3938 membran.
2449 3873 2578 3938 oir-

374 3993 457 4040 oa
483 3993 645 4040 saec.
682 3993 843 4039 xlv.
876 3999 1024 4044 cum
1056 3980 1263 4043 variis
1304 3977 1770 4044 collationibus
1805 3977 1891 4043 ad
1931 3978 2216 4059 paginas
2255 3973 2578 4040 editionis

373 4074 457 4139 P.
506 4076 881 4144 Burmanni·
912 4081 1216 4161 secundi,
1282 4079 1563 4146 Amstel.
1615 4095 1856 4144 mnux.
1963 4075 2142 4155 Ques
2193 4078 2577 4157 vsequuntur

371 4179 875 4250 transcribimus
914 4201 1007 4250 ex
1046 4182 1214 4251 folio
1251 4201 1407 4250 raso
1449 4182 1577 4250 sub
1619 4181 1809 4250 initio
1839 4177 2116 4246 codicis
2129 4199 2156 4240 τ
2215 4179 2238 4212 ‘
2269 4175 2578 4246 Mis-:tres
