3167 4984
540 344 713 417 1544

544 509 601 553 et
642 502 872 557 Hercule
915 501 1239 564 Surrentino,
1280 503 1295 530 ‘
1318 498 1602 551 defendere
1637 492 1652 506 ’

544 578 727 627 arbore
771 576 936 627 soles?
1007 578 1078 626 Et
1118 576 1257 639 apud
1302 578 1600 625 Maronem:

544 652 561 680 ‘
582 653 717 703 hunc
736 667 828 702 oro
850 651 1075 701 defende
1086 651 1348 701 furorem.’
1381 652 1547 701 Theb.
1564 666 1604 701 1.

542 731 559 759 ‘
578 730 715 779 haud
754 730 889 793 passi
919 730 1069 777 sociis
1094 727 1375 777 defendere
1398 737 1604 777 noctem

546 804 902 859 Culminibus?
990 803 1149 852 Theb.
1194 817 1275 853 rx.
1327 804 1606 853 ‘Vestrum

550 894 696 945 opus,
730 882 805 928 ire
844 886 1001 941 retro,
1022 887 1078 928 et
1102 880 1298 929 senium
1325 878 1608 927 defendere

548 956 747 1005 famae:’
778 956 877 1005 hoc
900 962 982 1003 est
1003 955 1185 1005 asama
1204 973 1219 1004 ε
1253 960 1366 1019 qnae
1391 954 1463 1003 ibi
1485 968 1608 1002 vera

506 1053 512 1061 ·
547 1032 1085 1095 scriptura,quomodo
1102 1031 1238 1094 apud
1253 1031 1438 1095 Virgil.
1471 1030 1610 1079 ‘Sol-

548 1108 745 1158 stitium
785 1108 964 1171 pecori
1006 1105 1278 1156 defendite
1298 1106 1331 1155 ι’
1380 1111 1434 1156 et
1468 1104 1609 1168 apud

552 1183 740 1233 Horat.
799 1183 887 1231 lib.
935 1198 974 1233 1.
1021 1181 1125 1233 Od.
1165 1186 1245 1232 17.
1312 1183 1328 1210 ‘
1372 1188 1611 1231 aestatem

554 1260 771 1323 capellis
793 1258 1075 1309 defendere
1096 1259 1128 1308 :’
1162 1266 1217 1309 et
1251 1259 1390 1323 apud
1412 1259 1612 1319 Silium,

552 1338 644 1389 lib.
669 1352 717 1385 v.
752 1339 767 1365 ‘
788 1335 1069 1387 defendere
1104 1337 1283 1385 nescia
1318 1335 1469 1385 morti
1505 1336 1613 1383 De-

555 1411 747 1475 decus,'
764 1418 823 1462 ut
841 1413 1143 1461 veterrimus
1159 1412 1311 1474 liber,
1326 1426 1429 1461 non
1446 1415 1613 1459 morte.

553 1487 704 1543 Idem
724 1489 814 1539 lib.
855 1502 994 1539 xvir.
1026 1487 1212 1537 ‘Haud
1245 1487 1406 1537 valuit
1426 1486 1616 1535 misero

555 1562 837 1613 defendere
859 1563 1065 1615 Daunia
1088 1564 1191 1612 tela
1211 1562 1244 1624 ;'
1281 1577 1392 1626 pro,
1414 1576 1445 1611 a
1467 1561 1617 1611 mise-

557 1654 633 1689 ro.
704 1640 880 1693 Plaut.
904 1639 1190 1693 Mostellar.
1215 1638 1336 1689 Aet.
1364 1653 1440 1689 iv.
1462 1639 1546 1689 Sc.
1566 1644 1598 1688 2

556 1719 572 1745 ‘
595 1716 741 1767 Heus
764 1716 942 1780 ecquis
973 1715 1057 1764 hic
1094 1722 1195 1779 est,
1226 1716 1499 1775 maximam
1531 1714 1619 1779 qui

558 1794 633 1844 his
670 1792 909 1861 injuriam
951 1791 1147 1841 foribus
1180 1790 1429 1843 defendat
1446 1790 1620 1841 ?'.hoc

560 1875 663 1930 est,
683 1882 713 1917 a
746 1865 959 1933 foribus.
1028 1868 1112 1918 Sic
1144 1868 1281 1932 apud
1319 1866 1622 1931 Euripidem

559 1943 808 1993 Troasin:
839 1942 969 1992 παιδί
986 1944 1032 1991 τ’
1062 1944 1117 1992 οὐ
1146 1942 1393 2005 δυναίμεθα
1423 1942 1626 1992 θάνατον

560 2019 739 2083 mter.
800 2020 947 2069 Idem
968 2020 1144 2082 Silius,
1180 2021 1269 2070 lib.
1292 2034 1389 2071 vn.
1411 2023 1441 2075 ,⁶
1460 2021 1624 2069 Fonte

562 2096 699 2145 sitim
712 2102 767 2145 et
780 2109 909 2159 pura
923 2098 1061 2146 soliti
1078 2096 1366 2147 defendere
1377 2096 1626 2161 lympha.²

564 2171 721 2223 ovid.
746 2174 911 2235 Epist.
935 2174 1194 2222 OEnones:
1240 2175 1255 2201 ‘
1282 2172 1521 2223 Defensa
1542 2178 1626 2221 est

520 2298 527 2307 ,
562 2248 742 2297 humili
761 2262 888 2297 cana
909 2250 1093 2311 pruina
1110 2263 1229 2299 casa
1247 2249 1277 2299 ε’
1306 2258 1367 2299 ut
1389 2250 1493 2300 illic
1511 2249 1627 2299 sine

566 2324 721 2373 dubio
764 2324 1123 2385 scribendum;
1180 2326 1271 2375 nbi
1314 2326 1485 2389 plura,
1515 2326 1628 2389 jam

568 2400 705 2447 enim
734 2399 878 2448 nimii
900 2414 1086 2450 sumus.
1153 2402 1413 2451 Caeterum
1451 2402 1505 2451 in
1536 2416 1629 2465 op-

568 2476 693 2523 timo
712 2474 967 2524 Vaticano
989 2475 1203 2540 aliisque
1225 2476 1483 2526 nonnullis
1506 2477 1632 2526 scri-

566 2549 621 2599 bi
646 2550 1021 2612 animadverto,
1062 2552 1351 2614 Epidaurius
1386 2554 1513 2602 ultro
1543 2554 1633 2603 Ve-

570 2626 664 2688 nit,
688 2640 786 2675 non
812 2626 1105 2689 Epidaurius
1134 2628 1311 2693 hospes.
1344 2629 1632 2691 elegantius

570 2710 672 2763 est,
694 2718 848 2766 quam
870 2702 1108 2752 videatur
1142 2704 1305 2766 primo
1336 2712 1632 2767 conspectu.

572 2775 893 2840 Augustinus
917 2778 981 2827 de
1016 2778 1245 2829 civitate
1279 2780 1397 2841 Dei,
1428 2780 1517 2830 lib.
1542 2796 1632 2833 111.

570 2868 685 2917 cap.
728 2858 809 2902 12.
863 2854 1217 2917 ‘AEsculapius
1260 2854 1327 2903 ab
1370 2856 1632 2920 Epidauro

534 2941 540 2948 ·
574 2928 791 2979 ambivit
830 2930 1064 2992 Romam,
1095 2936 1155 2981 ut
1177 2931 1510 2993 peritissimus
1532 2948 1636 2983 me·

572 3006 721 3055 dicus
736 3006 787 3053 in
802 3006 929 3055 urbe
940 3006 1257 3057 nobilissima
1272 3014 1434 3061 artem
1452 3010 1638 3071 glori-o·

572 3082 675 3131 sius
696 3089 971 3132 exerceret
990 3082 1023 3133 :'
1072 3083 1152 3132 ita
1182 3086 1385 3135 monuit
1420 3086 1475 3136 in
1505 3086 1638 3150 opti-

575 3157 672 3207 mis
696 3157 1006 3207 membranis
1024 3158 1126 3222 legi
1146 3159 1460 3222 Gronovius,
1481 3176 1638 3225 quem

575 3230 703 3283 nihil
748 3233 1125 3295 elegantiarum
1170 3232 1326 3298 fugit,
1370 3236 1636 3287 Diatribes

578 3306 829 3356 Statianae
874 3322 987 3371 cap.
1021 3312 1103 3357 26.
1124 3308 1245 3358 vide
1280 3317 1441 3364 totam
1465 3311 1531 3361 de
1552 3314 1638 3362 ΙΕ-

581 3382 799 3444 sculapii
840 3381 951 3443 ‘hae
988 3383 1327 3444 emigratione
1368 3387 1638 3442 historiam

580 3455 717 3518 apud
743 3448 1020 3519 N'a'sonem,
1040 3460 1171 3509 Met.
1193 3474 1284 3511 xv.
1299 3464 1477 3513 Mater
1498 3466 1641 3515 Deo-

580 3546 690 3583 rum
714 3535 851 3597 apud
870 3537 1091 3588 eundem
1113 3538 1392 3601 Nasonem,
1416 3542 1548 3591 Fast.
1562 3557 1642 3593 ιν.

579 3613 594 3639 ‘
615 3610 739 3675 Ipsa
754 3613 863 3675 peti
878 3613 1043 3662 volui:
1080 3628 1178 3663 nec
1200 3614 1269 3664 sit
1284 3630 1453 3667 mora:
1489 3620 1643 3671 mitte

580 3689 857 3749 volentem.
924 3688 1123 3753 Dignus
1160 3692 1324 3741 Roma
1354 3694 1518 3758 locus,
1544 3712 1644 3761 quo

582 3766 731 3814 Deus
753 3764 915 3814 omnis
954 3774 1061 3815 eat.
1063 3766 1078 3789 '
1144 3769 1383 3833 Denique
1417 3772 1648 3821 scriben-

858 358 1077 409 no'rss.
1120 358 1521 413 nmmum
1560 359 1654 407 m
1681 359 1817 407 ci..
1863 354 2140 408 enimn.
2185 346 2412 409 xxiv.

1677 498 1761 561 gie
1783 495 2104 561 AEs‘culspius
2125 490 2386 563 Epidauro
2409 490 2623 547 Romam
2635 493 2736 546 oda

1677 580 1872 625 vectus.
1905 574 2084 623 Barth.
2337 606 2342 611 -

1746 654 1839 699 174
1875 651 1996 699 Cum
2013 649 2230 713 Superis]
2251 649 2394 710 Pari,
2408 649 2590 699 dicere
2609 649 2740 717 vult,

1679 727 2012 776 dexteritate.
2085 728 2198 776 Hoc
2222 736 2319 790 est,
2350 728 2480 791 pari·
2497 740 2616 777 cum
2638 726 2742 775 Re:

1681 804 1828 867 gibus
1850 804 2196 854 veneratione.
2232 806 2378 855 Idem.

1751 884 1842 929 175
1881 880 2082 944 clypeo]
2099 882 2338 931 Tuitione
2351 886 2567 930 armata.
2590 880 2741 931 Idam

1749 956 1975 1017 Protegis
1995 958 2115 1005 hanc
2146 959 2302 1021 clypeo
2323 956 2544 1019 matrem]
2578 956 2744 1005 Parve·

1685 1046 1761 1081 am
1801 1032 1982 1094 scripti
2017 1031 2128 1081 fere
2166 1046 2376 1095 omnes:
2411 1046 2512 1081 nou
2549 1033 2744 1095 placet.

1685 1108 1854 1171 Supra
1877 1108 1943 1157 de
1966 1108 2164 1158 Roma:
2200 1111 2216 1136 ‘
2233 1110 2368 1157 Haec
2387 1116 2464 1157 est
2487 1109 2538 1157 in
2563 1106 2745 1169 gremi-

1688 1200 1774 1233 um
1815 1185 1982 1234 victos
2019 1200 2132 1249 qua»,
2173 1186 2280 1235 sola
2312 1185 2516 1248 recepit
2556 1184 2748 1233 Matris

1689 1276 1792 1313 nou
1816 1262 2032 1311 dominae
2059 1262 2197 1311 ritu.'
2263 1263 2349 1311 De
2383 1261 2564 1310 eadem
2601 1260 2749 1309 Rati·
2829 1250 2836 1257 ”

1691 1340 1788 1387 lius
1824 1338 2006 1388 Itiner.
2058 1337 2296 1387 ‘Exaudi
2336 1337 2562 1400 genitrix
2591 1335 2750 1385 homi·

1691 1430 1830 1477 num,
1847 1414 2174 1477 genitrixque
2187 1412 2456 1463 Deorum!
2481 1414 2561 1461 D.
2578 1412 2752 1461 Herm

1715 1524 1722 1533 ·
1759 1495 1854 1540 176
1887 1490 2224 1553 Praecipueque
2264 1488 2418 1553 tuam]
2481 1489 2589 1540 Qui
2641 1486 2750 1542 tam

1693 1566 1945 1628 praeclare
1984 1566 2121 1614 ultra
2158 1566 2386 1628 priorum
2423 1565 2606 1613 merite
2637 1574 2753 1613 eam

1604 1673 1616 1688 .
1695 1642 1874 1691 tueriS.
1911 1654 1920 1663 ·
1959 1641 2240 1706 Sequentia
2284 1638 2396 1703 jam
2443 1636 2754 1705 participem

1695 1716 1922 1781 Imperio
1944 1730 2157 1779 puerum
2177 1722 2508 1780 augurantur.
2539 1714 2724 1766 Barth.

1762 1798 1856 1843 177
1891 1792 2004 1842 Hic
2011 1790 2150 1854 regia
2165 1792 2339 1855 mater]
2374 1792 2510 1842 Hinc
2528 1790 2629 1855 pri.
2649 1790 2759 1839 Va-

1697 1870 1788 1919 tic.
1811 1868 1968 1917 etalii
1989 1882 2090 1916 non
2112 1868 2283 1931 pauci.
2315 1866 2384 1915 D.
2403 1866 2574 1915 Heim.

1765 1950 1860 1994 179
1892 1944 2121 2007 Sustulit]
2151 1946 2226 1993 Ut
2261 1944 2541 1994 Consulatu
2564 1955 2650 1993 ιιι.
2669 1945 2758 1993 28.

1698 2021 1876 2071 Barth.

1767 2100 1860 2145 180
1902 2095 2240 2158 Veniat-isati]
2289 2096 2411 2147 Non
2433 2097 2566 2145 clam
2587 2107 2758 2161 neque

1703 2172 1921 2235 obscure
1963 2172 2178 2235 Imperii
2237 2172 2614 2222 successionem
2657 2172 2762 2221 Eu·

1704 2248 1879 2297 cherio
1903 2248 2140 2311 spondet.
2173 2247 2325 2297 Idem.
2553 2280 2561 2288 ·

1769 2328 1861 2373 181
1904 2324 2019 2373 Toto
2045 2325 2316 2374 ,ηιὲπιὶεεει
2351 2324 2554 2387 pignore
2593 2323 2764 2387 duem]

1705 2401 1856 2450 Tanto
1871 2400 2100 2463 potiores
2114 2399 2234 2450 libri
2251 2412 2274 2461 ;‘
2293 2400 2570 2464 etquidem
2586 2407 2730 2449 recte
2745 2408 2767 2448 t

1707 2478 1783 2527 sic
1825 2478 1964 2540 apud
2008 2478 2260 2539 Propert.
2285 2514 2290 2518 .
2312 2474 2499 2525 ‘famae
2543 2476 2766 2539 pignora

1707 2558 1856 2603 tanta
1909 2548 2076 2602 meae!
2157 2552 2414 2601 Prudent.
2466 2551 2764 2615 Peristeph.

1705 2631 1892 2694 hymno
1928 2629 2226 2681 vincentii:
2259 2628 2553 2693 ‘Taurique
2591 2634 2767 2678 custos

1709 2705 1938 2769 pignori-s
1955 2705 2174 2755 Fiscella
2186 2703 2356 2755 fertur
2373 2702 2656 2757 fluctibus?
2687 2704 2766 2753 D.

1707 2781 1885 2830 Heius.

1774 2862 1869 2907 184
1903 2856 2035 2906 Hmc
2070 2814 2242 2921 prelia
2291 2858 2482 2921 sum]
2555 2857 2770 2921 meme,

1710 2942 1893 2998 sponte
1917 2947 2202 2997 suscepisse
2217 2934 2432 2984 indicat
2462 2935 2642 2983 Bmh.
2699 2949 2705 2955 ’

1778 3014 1872 3059 187
1909 3007 2081 3071 Fudit]
2115 3009 2278 3073 Copia
2299 3010 2469 3073 plena.
2503 3010 2656 3061 Idem.

1777 3090 1872 3135 188
1905 3086 2029 3135 Hoec
2065 3084 2272 3133 omnibus
2305 3084 2429 3147 egit]
2476 3085 2585 3135 Hoc
2621 3085 2776 3147 libri;

1712 3162 1810 3211 nisi
1831 3162 1965 3227 quod
1992 3162 2145 3226 prim.
2169 3168 2225 3210 et
2260 3167 2388 3213 tert.
2421 3161 2660 3217 vatican.
2679 3176 2774 3213 m

1712 3238 1922 3289 omnibus
1941 3238 2065 3299 egit,
2087 3250 2204 3286 cnm
2225 3237 2338 3285 aliis
2359 3236 2606 3301 quinque.
2669 3238 2776 3287 Pu-

1714 3321 1768 3364 to
1790 3316 1895 3378 quis
1913 3314 2040 3363 enim
2065 3313 2286 3375 princeps
2303 3327 2395 3361 non
2421 3313 2632 3363 omnibus
2662 3314 2780 3363 emit·

1717 3390 1981 3453 obsequiis,
2001 3389 2239 3438 dominum
2263 3402 2364 3437 sese
2394 3394 2668 3452 patremque
2695 3404 2780 3437 vo·

1713 3465 1852 3518 ouri?
1896 3465 2046 3515 Bello
2071 3466 2209 3515 Gild.
2243 3466 2259 3493 ‘
2278 3466 2376 3515 hoc
2400 3465 2618 3530 damnis,
2637 3466 2782 3531 geni-

1717 3549 1821 3605 tor,
1845 3542 2200 3593 Cannensibus
2233 3542 2332 3593 emi
2349 3542 2386 3591 ?'
2431 3542 2517 3594 nbi
2537 3544 2619 3604 egi
2641 3544 2782 3593 simi-

1718 3618 1843 3667 liter
1861 3624 2062 3667 veteres
2081 3617 2306 3683 quidam.
2338 3617 2516 3667 Laude
2533 3619 2744 3669 Serene
2759 3634 2778 3672 ι

1719 3695 1734 3721 ‘
1751 3694 1994 3743 Emtnrns
2016 3694 2292 3743 thalamum
2315 3693 2458 3743 dubii
2481 3693 2786 3755 discrimine

1719 3767 1868 3819 lethi.
1869 3767 1886 3791 ’
1952 3769 2034 3817 De
2070 3769 2168 3833 piis
2200 3765 2482 3835 fratribus:
2537 3769 2783 3821 ‘Emtum

586 3841 710 3894 dum
730 3841 865 3889 Huic
881 3841 1155 3901 defensurus
1180 3845 1377 3908 morbos,
1395 3862 1499 3898 non
1534 3848 1649 3899 Huc
1723 3851 1805 3894 est
1825 3844 2024 3908 ingenti
2045 3843 2194 3893 clade
2215 3858 2442 3905 perenne
2463 3844 2652 3894 decus!
2691 3846 2782 3895 Sic

582 3917 819 3989 reptavit.-
850 3916 985 3979 quod
1024 3917 1297 3969 manifeste
1332 3918 1516 3972 falsum
1551 3932 1649 3988 est,

587 4005 705 4043 cum
723 3992 933 4041 Romam
951 4005 1050 4040 nou
1070 3994 1291 4056 reptarit
1307 3996 1649 4062 AEsculapius,

584 4064 677 4113 sed
703 4070 883 4115 vectus
906 4066 992 4128 sit,
1032 4072 1091 4115 ut
1129 4075 1304 4122 noster
1342 4086 1463 4122 mox
1484 4072 1648 4127 addit.

586 4140 655 4191 D.
681 4140 853 4191 Heius.

611 4270 620 4279 ,
650 4216 945 4279 Epidaurius
960 4218 1146 4284 hospes]
1180 4220 1243 4271 In
1260 4221 1517 4291 Draconis
1537 4224 1647 4275 effi·

1723 3922 1988 3986 Virgilius,
2009 3921 2181 3981 Silius,
2203 3920 2420 3983 Statius,
2454 3922 2538 3971 alii
2574 3922 2784 3985 passim

1719 3999 1791 4047 D.
1816 3998 1988 4048 Heius.

1724 4116 1731 4123 .
1790 4072 1936 4133 Egit]
1967 4072 2134 4120 Nemo
2159 4073 2381 4136 peregit,
2401 4073 2637 4123 omnibus
2660 4074 2790 4128 licet

1707 4147 1982 4211 obsequiis
2007 4147 2240 4198 annixus.
2274 4149 2451 4197 Barth.

1721 4268 1728 4279 .
1789 4227 1885 4275 189
1916 4222 2170 4276 Dominum
2183 4225 2482 4294 patremque]
2504 4223 2672 4277 Roma
2687 4225 2790 4279 P«-
