3167 4984
596 387 772 458 1488

598 547 922 616 palmarum?
1009 549 1179 612 Epist.
1250 546 1315 595 ad
1381 546 1622 594 Serenam
1645 559 1660 592 t

589 631 615 662 ¹
642 629 886 678 Fluctuat
904 633 960 676 et
985 628 1167 696 glauca
1192 622 1397 687 pinguis
1420 622 1559 669 oliva
1580 631 1664 669 co-

593 704 719 756 ma.'
752 706 864 756 Lib.
896 719 959 754 ιι.
982 704 1049 753 de
1071 693 1230 766 Rapt.
1273 702 1290 730 ‘
1316 699 1558 750 Fluctuut
1578 698 1663 746 hic

590 783 755 832 denso
768 784 999 845 crispata
1010 781 1271 832 cacumine
1287 778 1485 829 buxus)
1496 775 1661 826 Rutil.

595 860 777 909 Itiner.
811 861 827 888 ⁴
846 859 1111 922 pineaque
1155 855 1405 906 extremis
1438 853 1660 902 fluctuat

591 935 774 985 >umbra
794 934 977 984 fretis!
1040 935 1257 995 Seneca,
1290 931 1521 982 Hercule
1556 929 1658 978 Fu-

594 1011 764 1061 renti:
800 1013 815 1040 ‘
838 1011 953 1060 Nec
978 1009 1157 1058 adulta
1190 1007 1294 1056 leui
1320 1007 1541 1056 fluctuat
1563 1005 1660 1053 Ze·

593 1087 761 1150 phyro
782 1085 971 1149 seges!
1003 1087 1090 1134 Sic
1114 1090 1169 1134 et
1207 1086 1385 1132 undare
1408 1082 1474 1131 de
1509 1081 1657 1130 arbo-

592 1161 733 1211 ribus
774 1161 963 1224 poiitae.
1014 1160 1274 1224 quomodo
1314 1157 1452 1221 apud
1486 1157 1659 1206 Maro-

592 1248 713 1288 nem
730 1254 743 1288 ε
762 1241 779 1266 ‘
804 1239 874 1288 Et
882 1238 1039 1300 juvat
1055 1236 1339 1285 undantem
1357 1234 1655 1297 buxospec-

576 1319 706 1363 tue
728 1312 1018 1376 Cytorum:
1052 1311 1121 1360 D.
1142 1310 1314 1358 Heius.

584 1397 591 1402 '
654 1389 925 1438 2⁷2·Dives
940 1387 1088 1450 equis,
1092 1386 1224 1446 felix
1234 1385 1477 1448 pecorum]
1503 1385 1655 1448 Equis

588 1477 720 1513 unus
758 1464 999 1513 Ambros.
1049 1463 1208 1526 pecori
1270 1461 1427 1510 etiam
1470 1462 1654 1524 scripti

587 1539 699 1590 sere
723 1555 915 1590 omnes.
935 1538 1111 1588 Oxou.
1136 1539 1265 1600 Reg.
1288 1537 1483 1600 primus
1504 1535 1654 1588 Med.

581 1616 783 1678 peeoris.
836 1617 979 1679 Lego
1002 1615 1155 1664 Dives
1174 1613 1296 1678 equi,
1306 1613 1437 1673 felix
1453 1615 1651 1677 pecoris.

584 1691 683 1740 nisi
712 1691 873 1740 mavis
908 1706 1073 1754 equam
1096 1703 1191 1754 pro
1213 1704 1463 1752 equorum.-
1500 1696 1557 1740 ut
1590 1690 1650 1739 iu

583 1767 675 1816 illo
695 1767 987 1830 virgiliano
1008 1782 1022 1814 z
1056 1766 1071 1792 ‘
1094 1765 1255 1818 Dives
1274 1779 1481 1830 equum,
1504 1765 1649 1815 dives

580 1841 747 1905 pictai
771 1842 929 1891 vestis
952 1844 1007 1890 et
1030 1841 1175 1890 auri!
1208 1841 1355 1889 Idem.

649 1918 871 1968 Pretiosa
888 1918 1015 1980 picto
1043 1915 1308 1984 Marmore]
1362 1915 1648 1980 Phrygium

581 2009 805 2044 marmor
824 1993 1074 2044 celebrat.
1106 1992 1286 2043 Barth.

644 2073 743 2119 273
776 2068 1043 2132 Pur-parcis
1072 2069 1195 2116 cedit
1215 2067 1293 2115 cui
1314 2066 1537 2130 Synnada
1571 2083 1646 2117 ve-

579 2146 679 2210 nis]
712 2145 940 2209 Synnada
976 2159 1073 2208 pro
1108 2143 1313 2206 Synna-3,
1352 2149 1410 2190 ut
1442 2143 1645 2192 Persida

580 2236 675 2285 pro
703 2221 881 2281 Persis,
902 2226 958 2267 et
978 2219 1165 2277 similia
1184 2218 1323 2281 apud
1346 2218 1644 2280 posterioris

578 2297 679 2347 aevi
712 2296 1021 2360 scriptores:
1056 2295 1149 2344 sed
1185 2295 1295 2362 quis
1328 2301 1435 2342 tam
1458 2293 1642 2346 barba-

572 2387 691 2424 rum
716 2375 893 2424 credat
916 2372 1293 2422 Claudianum?
1314 2369 1511 2433 Scripti
1528 2371 1640 2435 qui·

470 2445 473 2450 ’
578 2452 694 2501 dam
718 2451 813 2498 Cui
834 2451 976 2500 cedit.
1042 2450 1182 2510 Lego
1200 2448 1277 2496 cui
1293 2449 1475 2495 cedant.
1512 2449 1642 2511 Syn-

576 2541 667 2575 nas
692 2526 910 2586 Latinis,
933 2525 1135 2573 Graecis
1167 2521 1230 2570 τὰ
1262 2520 1487 2572 Σύνναδα.
1522 2523 1640 2571 Ste-

575 2603 775 2666 phanus
798 2618 811 2650 ε
838 2599 1066 2652 ’Σύνναδα
1102 2597 1241 2648 πόλις
1272 2597 1487 2662 Φρυγίας.
1522 2599 1638 2648 Nec

570 2679 725 2728 aliter
756 2678 943 2726 Strabo
980 2683 1035 2726 et
1054 2677 1385 2725 Ptolemaeus.
1453 2675 1638 2726 Cicero

574 2747 784 2814 Catoni,
808 2753 975 2816 Epist.
1004 2751 1188 2800 Famil.
1212 2751 1345 2800 libro
1372 2763 1465 2801 xv.
1504 2751 1519 2779 ⁴
1548 2751 1637 2800 Bi-

572 2828 729 2878 duum
751 2827 1021 2878 Laodiceae
1044 2825 1138 2890 fui,
1174 2827 1361 2876 deinde
1385 2825 1634 2889 Apameae

570 2907 919 2972 quatriduum,
953 2905 1179 2954 triduum
1206 2903 1478 2965 Synnadis,
1516 2904 1634 2952 toti-

570 2983 688 3032 dem
725 2981 835 3032 dies
868 2980 1182 3030 Philomeli!
1250 2979 1365 3028 Lib.
1407 2993 1489 3028 111.
1528 2982 1632 3045 Ep.

568 3062 617 3108 8.
652 3057 719 3106 ad
760 3055 1024 3120 Appium:
1058 3058 1075 3082 ⁴
1101 3057 1219 3104 Non
1255 3055 1545 3105 arbitrabar
1575 3063 1630 3107 te

568 3149 759 3198 genere
778 3135 876 3182 isto
893 3133 1210 3196 legationum
1233 3131 1502 3209 delectari.
1541 3131 1630 3182 Id-

564 3222 668 3276 que
690 3225 771 3260 me
794 3207 1019 3258 arbitror
1062 3208 1315 3276 Synuadis
1340 3223 1435 3271 pro
1468 3207 1628 3258 tribu-

562 3289 671 3339 nali
721 3289 895 3338 multis
943 3288 1115 3337 verbis
1166 3287 1459 3350 disputasse
1487 3289 1517 3336 :'
1570 3296 1628 3338 et

561 3377 686 3412 mox
713 3379 727 3411 x
763 3363 784 3391 ·‘
806 3363 935 3412 Cum
969 3362 1236 3424 Apameae,
1279 3377 1394 3411 cum
1440 3364 1626 3416 Laodi-

564 3451 826 3498 ceae‚cum
864 3436 1141 3500 Synnadis,
1174 3452 1289 3485 cum
1331 3438 1627 3503 Philomeli,

562 3527 680 3562 cum
706 3513 871 3562 Iconii
894 3527 1078 3574 essem,
1106 3513 1301 3577 quibus·
1330 3514 1383 3560 in
1418 3514 1625 3576 oppidis

562 3589 798 3638 omnibus
832 3597 1178 3636 commoratus
1202 3603 1312 3636 sum
1334 3587 1368 3636 ι’
1404 3595 1459 3637 et
1483 3597 1624 3651 post·

562 3679 654 3713 ea:
706 3665 723 3690 ‘
746 3663 933 3712 Iisdem
958 3663 1139 3712 diebus
1164 3678 1307 3712 meus
1331 3672 1620 3715 conventus

560 3745 677 3788 erat
710 3740 977 3802 Apameae,
1016 3741 1291 3804 Synnadis,
1310 3742 1618 3804 Philomeli3

558 3809 680 3866 tuus
702 3811 888 3866 Tarsi!
944 3816 1007 3865 In
1040 3817 1271 3867 Historia
1297 3833 1501 3883 quoque
1524 3820 1620 3870 Ec·

557 3892 849 3942 clesiastica
908 3888 1083 3940 Rufi'ni
1136 3893 1462 3944 scribendum
1512 3903 1618 3964 est,

554 3969 682 4032 apud
704 3965 943 4031 Synnada,
963 3983 1066 4016 uon
1088 3969 1359 4032 Synnadam
1374 3988 1390 4019 .-
1426 3971 1477 4019 in
1515 3973 1619 4021 Eu-

960 403 1175 455 No‘rAE
1224 401 1626 452 vamomm
1677 398 1754 446 m
1803 397 1917 448 ct..
1965 395 2241 447 chaun.
2275 396 2432 448 ·XX.

1745 539 2159 604 Rapbeleugius:
2191 539 2377 604 scripti
2415 537 2658 588 meliores
2689 549 2823 590 eu-

1735 615 1958 664 firmaut.
1992 617 2062 666 D.
2085 615 2260 664 Heius.
2341 645 2348 652 ·

1799 700 1898 745 279
1931 697 2162 746 Partibus
2181 696 2306 758 Idoe]
2358 695 2578 758 Rupibus
2615 695 2810 760 lsiugr.

1737 773 1956 822 Lucens.
1981 773 2200 838 Gyrald.
2227 773 2376 835 prim.
2401 781 2454 819 et
2481 775 2606 820 tert.
2630 771 2808 822 Vatic-

1733 863 1851 898 cum
1891 848 2180 904 Oiseiiano‚
2218 854 2392 896 recte:
2429 855 2488 895 ut
2513 845 2602 895 lib.
2631 859 2716 895 m.
2739 847 2806 897 de

1734 925 1888 986 Rapt.
1923 926 1938 952 ‘
1965 925 2142 988 quales
2159 937 2259 972 uec
2280 923 2493 984 rupibus
2512 922 2624 971 Idae
2641 922 2806 973 Mira-

1731 1005 1818 1048 tur
1839 999 2052 1049 Simois?
2105 999 2304 1049 Tanau.
2328 997 2570 1057 fecundis
2590 997 2801 1061 rupibus.

1731 1075 1897 1124 Idem.

1723 1167 1730 1172 ·
1793 1155 1890 1201 283
1929 1151 2118 1214 Rau-ria]
2162 1151 2422 1201 Turi-itum
2461 1165 2562 1215 qua
2595 1150 2800 1214 mytho-

1731 1227 1870 1290 logia
1883 1226 2086 1290 fingant
2101 1234 2321 1275 matrem
2341 1227 2576 1274 Deorum
2595 1226 2799 1290 Poeta,

1729 1303 1890 1352 habes
1925 1303 2065 1365 apud
2092 1303 2388 1352 Lucretium
2414 1310 2469 1351 et
2490 1303 2798 1367 Varronem,

1726 1377 1876 1427 nobis
1901 1379 2024 1428 alibi
2049 1378 2350 1442 productos.
2383 1379 2565 1427 Barth.

1791 1459 1890 1504 284
1925 1455 2156 1516 Ονίπαιὲε]
2191 1454 2363 1518 Aptus
2397 1455 2644 1503 crinibus.
2711 1455 2798 1504 Iu-

1727 1536 1937 1580 cessunt
1967 1544 2062 1578 usu
2099 1530 2251 1593 hujus
2275 1530 2424 1580 verbi
2451 1529 2794 1579 Claudianum

1727 1606 1869 1657 acuti
1907 1607 2178 1670 Censores,
2221 1607 2368 1656 velut
2409 1606 2662 1654 trahentis
2705 1605 2795 1654 ali-

1729 1681 1851 1746 quid
1874 1681 1940 1732 de
1964 1683 2154 1732 seculo.
2223 1683 2298 1732 At
2317 1697 2420 1732 non
2446 1681 2790 1732 meminerunt

1725 1759 1953 1822 Virgilii,
1989 1758 2262 1808 scribentis
2303 1759 2398 1808 lib.
2415 1771 2516 1808 vn.
2551 1758 2566 1785 ‘
2593 1759 2790 1827 Solvite

1723 1836 1946 1886 crinales
1969 1838 2147 1901 vittas,
2185 1838 2358 1902 capite
2387 1837 2534 1899 orgia
2555 1835 2792 1886 mecum.v

1725 1912 1876 1962 Idem.
2691 1919 2700 1926 ⁴

1785 1992 1880 2038 285
1906 1990 2008 2038 Ima
2030 1989 2156 2037 Fixa
2172 1987 2322 2050 metu]
2349 1989 2454 2037 Uno
2472 1987 2656 2051 scripti
2675 1977 2788 2038 fere

1720 2079 1914 2115 omnes.
1979 2066 2130 2114 Bello
2153 2066 2278 2114 Get.
2309 2066 2324 2093 ‘
2344 2079 2470 2129 quos
2485 2069 2605 2113 aute
2627 2079 2784 2128 pares

1720 2139 1967 2190 effecerat
1989 2155 2092 2189 uua
2127 2141 2283 2190 Nube
2311 2139 2498 2189 timor!
2560 2139 2782 2202 Statius‘,

1717 2217 1876 2267 Theb.
1913 2217 2048 2266 libro
2068 2231 2108 2266 1.
2159 2217 2175 2244 ⁴
2198 2218 2266 2266 Et
2292 2217 2494 2280 populis
2517 2229 2654 2264 mors
2678 2226 2782 2265 una

1717 2291 1912 2342 venit!
1945 2293 2104 2342 Theb.
2123 2307 2198 2341 vl.
2230 2294 2246 2320 ‘
2263 2293 2373 2356 jam
2397 2307 2538 2340 caeco
2561 2293 2780 2355 pulvere

1717 2369 1867 2418 mixti
1911 2369 2026 2418 Una
2070 2369 2122 2417 in
2168 2369 2302 2416 nube
2347 2367 2546 2416 latent.’
2613 2367 2778 2416 Tbeb'.
2817 2399 2820 2402 <

1718 2457 1844 2493 vm.
1877 2445 2000 2493 ‘Sic
2038 2445 2127 2494 ubi
2165 2459 2258 2508 per
2279 2442 2464 2492 fluctus
2507 2452 2624 2492 uuo·
2649 2443 2777 2493 ratis
2825 2501 2830 2506 p

1713 2520 1900 2569 obruta
1937 2535 2114 2570 somno
2159 2519 2460 2570 Conticuit.'
2508 2518 2674 2569 'l‘heb.
2717 2531 2777 2570 x.

1710 2596 1726 2623 ‘
1753 2596 1871 2644 Una
1891 2609 2068 2644 omnes
2089 2595 2374 2658 eademque
2397 2594 2536 2643 subit
2549 2593 2775 2644 formido

1712 2685 1808 2734 per
1831 2685 1994 2720 annos
2014 2670 2047 2720 :’
2081 2678 2138 2720 et
2171 2671 2398 2720 ibidemz
2435 2672 2450 2699 ‘
2476 2672 2774 2735 pariterque

1709 2734 1921 2796 herrore
1941 2747 2040 2798 sub
2063 2761 2163 2796 uno
2185 2748 2324 2809 Vox,
2359 2747 2518 2806 acies,
2539 2747 2772 2808 sauguis-

1709 2841 1810 2890 que
1849 2826 2020 2889 perit!
2083 2826 2252 2876 Theb.
2276 2840 2380 2876 xu.
2429 2829 2444 2853 ⁶
2469 2831 2628 2888 atque
2666 2839 2770 2874 uuo

1708 2903 1879 2952 vultus
1903 2903 2098 2966 pallore
2121 2902 2316 2966 gelati?
2349 2903 2418 2952 D.
2441 2901 2612 2951 Heius.

1769 2985 1866 3031 287
1901 2982 2039 3031 Irata
2066 2981 2311 3046 profatur]
2367 2982 2611 3029 Commota
2643 2978 2770 3044 libri

1703 3058 1958 3118 meliores,
1981 3065 2037 3106 et
2061 3071 2178 3106 mox
2197 3059 2456 3120 grandoeca
2479 3071 2570 3120 pro
2593 3047 2768 3118 longee-

1702 3149 1789 3184 ναι
1841 3135 1916 3184 sic
1965 3136 1982 3163 ‘
2005 3133 2120 3184 fera
2164 3134 2456 3194 vulneribus
2509 3139 2768 3181 commota

1703 3209 1809 3258 ruit
1827 3209 1860 3260 τ’
1915 3217 1973 3260 et
2025 3209 2042 3237 ‘
2076 3211 2359 3260 Commotae
2411 3210 2764 3273 glomerantur

1702 3282 1860 3348 apes!
1923 3286 2040 3338 Lib.
2064 3301 2128 3336 11.
2165 3287 2218 3334 iu
2257 3285 2429 3336 Rufin.
2465 3285 2642 3335 Laude
2673 3285 2766 3335 Se·

1699 3375 1868 3410 renae:
1917 3365 1934 3390 ‘
1961 3377 2180 3426 cumque
2215 3363 2328 3424 ipsa
2365 3362 2575 3411 timeret
2609 3363 2761 3411 Com·

1699 3443 1892 3487 motum
1913 3432 2162 3486 Flaccilla
2184 3437 2382 3487 virum!
2421 3441 2571 3486 Idem.
2639 3445 2644 3450 “
2739 3427 2758 3450 *’

1761 3517 1856 3562 291
1885 3515 2185 3576 Quantasque
2199 3515 2427 3563 cadavera
2441 3516 2558 3563 tenti
2577 3515 2760 3564 Μασκ-

1696 3589 1776 3639 dri
1792 3605 1990 3653 passura
2026 3593 2202 3655 maras]
2255 3591 2378 3639 Fuit
2415 3605 2530 3639 cum
2569 3593 2752 3654 r'epoui

1696 3663 1891 3714 debere
1943 3666 2242 3727 arbitrarer,
2285 3671 2569 3730 quantasque
2617 3669 2756 3714 cada·

1693 3754 1800 3790 vere
1845 3743 2000 3790 lentus
2047 3743 2293 3792 Maeander
2342 3755 2534 3804 passure
2583 3756 2752 3792 moras.

1693 3817 1857 3867 Idem.
2337 3855 2342 3860 .

1754 3899 1852 3945 292
1886 3895 2144 3945 Immobilis
2163 3895 2312 3944 lueret
2337 3893 2602 3956 Terminus]
2647 3894 2749 3942 Lu-

1690 3973 1904 4034 cretiae,
1924 3972 2015 4020 lib.
2043 3986 2082 4020 ι.
2107 3971 2480 4034 Virgilius,·lib.
2504 3983 2583 4019 xv.
2620 3971 2750 4018 Bar-

554 4043 695 4094 nebio
720 4052 798 4092 est
820 4044 871 4091 ἐν
889 4043 1161 4094 zmirna:
1200 4045 1341 4108 'apud
1385 4045 1617 4097 Pruden-
1687 4047 1832 4096 thius.

552 4119 703 4183 tium,
736 4110 909 4168 iibst‘n.
944 4120 995 4167 iu
1018 4119 1305 4183 Symmacb.
1338 4136 1614 4184 perperam

553 4195 713 4258 ,vulgo
746 4195 1061 4258 maculosaque
1104 4195 1279 4258 Synna·
1309 4210 1404 4259 pro
1426 4197 1615 4260 Synm

548 4269 777 4336 legitur:
807 4278 928 4325 mox
952 4271 1135 4325 Geticis
1147 4273 1447 4338 populatibus
1468 4280 1612 4326 recte

1751 4128 1847 4173 294
1883 4123 2054 4186 Paret]
2103 4123 2221 4171 Hoc
2244 4129 2350 4171 tam
2385 4119 2746 4172 flebilifunes·

1687 4207 1844 4264 toque
1867 4201 2052 4249 omine.
2089 4201 2236 4251 Idem.

1750 4277 1901 4326 emt
1915 4276 2148 4342 finitimis
2179 4275 2357 4339 luctus]
2401 4275 2504 4325 Par
2533 4281 2579 4326 et
2603 4255 2743 4325 mu*-
