3167 4984
530 393 703 458 1750
1185 399 1577 456 ascensus
1620 398 2054 454 Βυιτιοιιιιιι

610 547 849 620 excitat,
900 555 967 608 ut
991 565 1095 607 sua
1118 545 1380 612 carmina
1406 545 1541 605 velit
1579 544 1786 618 edere,·
1818 563 1954 624 quae
1981 541 2307 605 Claudiano
2347 544 2722 622 adjectarum

612 665 672 704 se
715 644 896 705 fuisse
920 645 1021 716 ait,
1064 645 1113 703 si
1136 643 1361 702 exorari
1404 639 1662 719 quellus
1689 644 1990 720 potuisset.
2071 642 2164 702 De
2193 641 2521 702 Claudiano
2561 640 2726 705 nihil.

616 743 683 801 ln
714 743 823 801 hac
850 741 994 800 edit.
1038 739 1446 799 desiderantur
1492 738 1764 798 Carmina
1801 733 2025 816 m'ajora
2049 739 2265 808 omnia,
2308 755 2558 816 quorum
2583 728 2730 797 nibil

611 837 675 897 in
711 839 829 896 suis
875 836 1033 895 libris
1079 835 1287 894 habuit
1332 833 1639 895 celsanus.
1723 834 1899 894 Libro
1942 833 2018 895 de
2058 835 2222 894 Bello
2265 833 2588 896 Gildonico
2629 833 2728 892 lric

608 932 812 993 titulus
838 933 1113 1010 ponitur:
1158 939 1177 966 ‘
1202 933 1272 990 In
1300 929 1583 992 Rufinum
1609 929 1758 989 liber
1787 947 1900 991 111.
1901 925 1928 958 ”

531 1031 723 1109 [149..
728 1028 1083 1088 .Ludovicus
1110 1028 1391 1087 Ponticus
1418 1028 1694 1088 Virunius
1723 1027 1879 1088 circa
1906 1025 2080 1088 finem
2111 1027 2312 1088 saeculi
2343 1044 2464 1086 xv.
2491 1025 2550 1084 in
2580 1025 2728 1085 urbe

602 1123 891 1201 Regiensi
918 1123 1189 1203 (Reggio)
1216 1123 1539 1202 explicavit
1585 1131 1646 1182 et
1667 1121 1946 1206 primum
1991 1125 2156 1202 quasi
2204 1121 2542 1208 propinavit
2567 1119 2727 1182 italis

612 1207 1029 1280 Claudianum.
1114 1221 1269 1280 Hinc
1310 1214 1461 1280 forte
1500 1227 1612 1292 est,
1654 1217 1814 1298 quod
1863 1222 2080 1298 passim
2125 1221 2269 1282 editi
2313 1222 2389 1281 ab
2426 1221 2527 1280 illo
2553 1219 2729 1281 Clau-

618 1315 778 1376 diani
824 1316 1173 1376 mentionem
1226 1315 1455 1376 faciunt
1508 1315 1616 1374 viri
1654 1314 1838 1386 docti,
1879 1317 2172 1392 Gesnerus
2225 1317 2284 1375 in
2338 1315 2726 1385 Bibliotheca,

621 1412 919 1483 Barthius,
974 1412 1270 1473 Heinsius.
1351 1411 1469 1471 Se‘d
1524 1418 1696 1470 nemo
1746 1428 1810 1470 se
1860 1409 2072 1472 vidisse
2126 1409 2274 1471 dicit
2318 1431 2492 1490 opus,
2557 1429 2730 1472 nemo

622 1509 843 1578 locum,
872 1526 1110 1578 annum,
1140 1506 1577 1586 typographum
1601 1505 1844 1567 indicat.
1926 1507 2145 1578 Verbo,
2188 1507 2424 1568 videtur
2449 1507 2637 1567 omnis
2661 1525 2732 1565 ea
2838 1510 2850 1524 ⁶

623 1601 899 1662 memoria
928 1601 1129 1661 deberi
1170 1600 1455 1678 Catalogo
1483 1601 1835 1678 scriptorum
1863 1602 1993 1674 viri,
2023 1603 2329 1663 maximam
2374 1613 2601 1682 partem
2646 1602 2731 1662 in-

622 1698 932 1769 editorum,
961 1695 1304 1775 q'uem'vitssae
1330 1695 1483 1756 illius
1504 1694 1764 1758 intexuit
1785 1697 2050 1759 Andreas
2079 1699 2368 1772 Ubaldus,
2393 1707 2536 1760 'cum
2562 1697 2731 1777 cujus

622 1813 822 1855 sorore
849 1793 995 1854 vixit
1022 1793 1343 1857 Ponticus:
1388 1793 1547 1856 unde
1585 1813 1694 1854 sua
1721 1795 1953 1874 repetiit
2063 1795 2338 1856 iceronus
2365 1797 2446 1856 T.
2473 1811 2636 1860 vm.
2653 1811 2728 1874 ·p.

625 1899 725 1960 39.
809 1890 956 1948 Haec
987 1891 1337 1968 Gesnerus.]

552 1993 703 2056 1493
749 1985 1022 2063 Princeps
1046 1988 1249 2060 altera,
1290 1987 1617 2047 Parmensis
1647 1991 1719 2058 1'.,
1755 1986 2062 2048 emendata
2089 2007 2197 2066 per
2219 1987 2548 2047 Thadaeum
2577 1986 2734 2066 Ugo-

624 2080 829 2151 letum,
848 2081 1127 2160 impressa
1151 2102 1253 2159 per
1275 2083 1561 2161 Angelum
1595 2083 1928 2162 Ugoletum,
1957 2093 2018 2145 4.
2048 2085 2384 2144 Memorant
2411 2085 2544 2145 Cat.
2573 2084 2732 2143 Bibl.

628 2196 750 2254 reg.
797 2176 981 2237 Paris.
1030 2186 1091 2237 et
1131 2176 1449 2250 Maittaire,
1494 2188 1618 2238 cet.
1703 2180 1855 2239 Haec
1877 2189 1970 2246 est
1996 2179 2184 2256 prima
2211 2181 2470 2241 recensio
2499 2180 2734 2241 Critica.

624 2273 781 2332 Usus
804 2271 931 2332 scil.
958 2283 1046 2333 est
1074 2273 1268 2334 Codd.
1317 2274 1596 2352 antiquis,
1645 2273 1906 2362 inprimis
1943 2273 2336 2334 vetustissimo
2356 2295 2391 2334 e
2416 2276 2736 2336 Germania

628 2366 706 2427 ad
732 2368 1135 2446 corrigendum
1160 2378 1224 2429 et
1248 2369 1628 2448 explendum.
1711 2369 1962 2429 Addidit
1987 2378 2047 2430 et
2072 2369 2184 2430 alia
2208 2370 2488 2442 carmina,
2519 2391 2652 2450 quae
2677 2371 2734 2430 in

629 2464 913 2542 superiori
940 2466 1035 2525 ed.
1072 2485 1189 2525 non
1229 2474 1415 2525 erant.
1498 2467 1608 2526 Est
1643 2465 1824 2546 igitur
1865 2465 1996 2526 baec
2042 2485 2174 2526 vere
2221 2466 2492 2544 princeps
2535 2466 2733 2526 editio.

627 2561 880 2620 Volebat
924 2562 1211 2638 Ugoletus
1258 2572 1321 2621 et
1366 2563 1603 2621 alterius
1647 2562 1960 2622 Claudiani
2005 2580 2185 2640 opera
2226 2561 2479 2622 addere:
2521 2562 2625 2622 sed
2663 2563 2738 2623 ad

631 2657 851 2732 Regem
882 2657 1082 2733 Hung.
1111 2657 1420 2716 Matthiam
1450 2668 1696 2718 vocatus
1723 2658 1983 2736 abjicere
2009 2659 2318 2718 consilium
2356 2666 2604 2718 coactus
2629 2668 2736 2717 est.

556 2755 709 2820 1495
753 2749 977 2809 Veneta
1006 2766 1087 2810 11.
1115 2751 1374 2829 Ugoleti,
1402 2753 1695 2830 impressit
1721 2755 1816 2814 Jo.
1843 2755 1919 2814 de
1943 2753 2213 2825 Tridino,
2249 2755 2392 2856 alias
2417 2754 2742 2827 Tacuinus,

629 2853 689 2904 4.
720 2845 1060 2905 Laudatur
1044 2866 1102 2905 m
1132 2841 1326 2906 catal.
1346 2847 1503 2907 Bibl.
1531 2849 1764 2910 Harles.

556 2937 713 3011 1⁴96
752 2941 1059 3002 Vicentina
1089 2959 1169 3003 11.
1194 2943 1450 3016 Celsani,
1473 2943 1578 3004 fol.
1608 2945 1908 3004 Laudatur
1935 2945 2269 3014 Maittario;
2296 2942 2392 3006 sed
2412 2965 2447 3004 a
2473 2905 2738 3008 Fabricio

630 3037 692 3096 in
722 3036 817 3099 ed.
848 3047 961 3099 vet.
987 3039 1137 3100 falso
1164 3038 1240 3099 ad
1267 3060 1363 3100 an.
1396 3049 1571 3112 1498.
1601 3041 1864 3101 refertur.

558 3141 713 3196 1500
752 3137 976 3196 Veneta
1005 3151 1114 3198 111.
1142 3137 1401 3216 Ugoleti,
1450 3139 1730 3216 impressa
1774 3159 1883 3218 per
1929 3137 2267 3218 Christoph.
2313 3137 2390 3197 de
2423 3138 2652 3210 Pensis,
2679 3149 2738 3202 4.

634 3229 823 3310 Cujus
870 3234 1205 3313 exemplum
1251 3233 1457 3297 habuit
1502 3236 1642 3296 clar.
1689 3237 1747 3296 J.
1799 3238 1874 3296 A.
1916 3229 2165 3307 Ernesti,
2207 3243 2265 3294 et
2307 3235 2510 3296 laudat
2553 3237 2742 3296 Catal.

634 3327 788 3388 Bibl.
808 3329 1049 3390 ..Harles

490 3425 511 3433 “
553 3453 636 3470 -
674 3423 999 3485 Mediolan.
1031 3443 1078 3487 1.
1107 3391 1428 3487 Parrhasii.
1471 3426 1565 3488 cl.
1591 3425 1902 3488 Claudiani
1929 3427 2160 3506 Raptus
2209 3427 2576 3508 Proserpinae
2600 3449 2654 3490 c.
2673 3449 2740 3490 -.n

630 3517 763 3580 Jani
788 3519 1098 3581 Parrhasii.
1146 3521 1247 3584 fol.
1294 3521 1439 3602 (vid.
1481 3523 1610 3583 Jos.
1658 3526 1800 3583 Ant.
1845 3524 2008 3583 Saxii
2049 3523 2740 3634 hist.1iterario·typogr.

504 3653 508 3658 ‚
632 3613 887 3677 Mediol.
916 3635 1050 3697 pag.
1072 3617 1442 3694 fios—612.)
1518 3619 1724 3681 Habet
1741 3621 1868 3680 haec
1895 3618 1991 3682 ed.
2013 3609 2319 3703 epistolam
2359 3624 2435 3682 A.
2461 3623 2496 3682 J
2501 3641 2598 3682 ani
2620 3624 2753 3682 Pra-

593 3709 815 3772 thasii
839 3713 915 3773 ad
944 3715 1015 3774 C.
1043 3715 1431 3776 catullianum
1460 3717 1704 3778 Cottam
1733 3717 2234 3779 Mediolanensem
2259 3718 2594 3798 patricium,
2626 3720 2752 3778 Me-

634 3807 855 3869 diolani
881 3826 1008 3871 vn.
1036 3813 1289 3874 Kalend.
1318 3815 1353 3874 J
1358 3833 1624 3874 annarias
1653 3815 1954 3893 scriptam.

559 3897 713 3964 1505
758 3905 1005 3967 Mediol.
1054 3924 1134 3968 11.
1166 3904 1455 3968 Parrhasii
1480 3909 1727 3982 auctior,
1749 3910 1852 3972 fol.
1880 3913 1974 3972 De
2003 3920 2180 3990 raptu
2205 3911 2575 3991 Proserpinae
2601 3899 2660 3972 c:
2689 3908 2747 3967 J.

633 4001 926 4063 Parrhasii
950 4003 1346 4064 Commentar.
1392 4005 1707 4082 Sequitur.
1755 4008 2047 4086 Apologia
2067 4009 2102 4068 J
2106 4025 2202 4066 am
2229 4018 2434 4068 contra
2454 4008 2750 4067 obtrecta-

638 4105 795 4157 tores
822 4117 929 4178 per
955 4099 1191 4159 Furium
1221 4099 1449 4160 Vallum
1490 4101 1844 4164 Echinatum
1871 4104 2002 4181 ejus
2045 4105 2398 4165 auditorem.
2431 4104 2612 4182 impr.
2652 4119 2756 4180 per

636 4191 729 4252 Jo.
760 4195 967 4274 Angel.
1016 4195 1435 4270 Scinzenzeler,
1485 4197 1596 4258 sub
1625 4196 1902 4292 impensis
1927 4201 2022 4262 Jo.
2050 4189 2266 4262 Jacobi
2329 4208 2394 4260 et
2413 4197 2661 4264 fratrum
2688 4195 2763 4256 de
