3167 4984
987 424 1064 476 m
1115 426 1199 476 11.
1246 404 1457 475 eous.
1502 424 2006 475 smmcnoms.

390 566 603 621 mittere
638 556 815 619 dicits
857 570 1079 633 Purpura
1120 567 1454 631 Principatus

390 646 551 697 index
590 646 749 695 etiam
773 645 1030 693 Romanis.
1097 643 1346 708 Loquitur
1367 658 1453 692 au-

395 728 500 771 tem
525 720 591 769 de
613 720 847 769 Honorio
860 720 1105 769 hactenus
1122 718 1453 781 Claudianus,

395 798 528 847 utin
552 812 613 845 eo
644 796 977 845 Stilichonem
1014 796 1155 844 clare
1192 808 1455 858 agnoscas.

393 872 567 923 Barth.

440 954 553 1015 1²⁰
588 948 673 997 Sic
711 954 841 996 casta
866 948 1078 1009 juventa·
1118 948 1275 997 Frena
1304 944 1457 1009 dedit]

392 1024 582 1075 Patav.
605 1024 983 1085 sossajuventoe5
1016 1028 1288 1085 corrupte:
1324 1034 1455 1070 unus

390 1102 579 1173 =Petav.
596 1108 651 1149 et
673 1101 807 1149 alter
830 1100 975 1149 Leid.
994 1100 1188 1148 siccato.
1245 1098 1455 1161 Regius,

389 1178 459 1229 sic
480 1184 637 1239 tauta,
660 1192 753 1241 pro
772 1178 841 1225 sic
862 1182 1002 1226 cautu
1020 1192 1041 1234 ,⁰
1074 1171 1329 1240 quomodo
1356 1174 1452 1221 Ln-

394 1268 536 1303 ceus.
560 1260 617 1303 et
641 1253 814 1302 Oxon.
855 1266 983 1301 unus
1022 1249 1167 1299 Med.
1200 1250 1268 1297 sic
1287 1244 1461 1297 suci-ai

392 1328 563 1393 prima
608 1328 694 1379 ed.
737 1335 793 1376 et
838 1335 947 1388 tres
990 1326 1170 1391 scripti
1210 1326 1281 1373 sic
1316 1330 1457 1389 apta.-

392 1401 541 1468 prior
555 1402 701 1453 Leid.
724 1408 863 1467 artm-
898 1402 1034 1467 quod
1052 1404 1206 1471 etiam
1226 1404 1457 1465 impense

392 1476 605 1545 placet3
640 1480 822 1529 alludit
846 1494 909 1529 eo
932 1486 987 1529 et
1025 1486 1136 1543 opt.
1168 1478 1383 1539 Moreti,
1402 1478 1457 1527 in

395 1572 499 1621 quo
515 1556 584 1605 sic
610 1562 739 1605 acta.
803 1556 1029 1605 Possent
1053 1564 1107 1606 et
1140 1572 1285 1621 porea
1308 1554 1457 1614 frene

394 1632 613 1683 restitui.
681 1631 839 1695 Apud
871 1628 1067 1683 Lucan.
1106 1634 1139 1680 Ι.
1165 1644 1265 1681 vu.
1301 1644 1457 1680 manu

396 1709 595 1759 exarati
616 1708 841 1773 codices,
850 1704 1187 1773 frenorumque
1210 1710 1340 1757 artat
1374 1707 1458 1756 ka-

396 1786 555 1835 beuas.
620 1788 706 1835 De
730 1802 855 1836 voce
876 1792 1015 1837 cauta
1030 1784 1226 1835 dictum
1248 1785 1284 1834 l.
1308 1797 1371 1833 11.
1392 1782 1458 1832 de

396 1862 559 1925 Rapt.
583 1878 657 1912 vs.
678 1868 758 1912 11.
804 1864 873 1912 D.
896 1862 1072 1911 Heius.

466 1942 557 1991 121
596 1938 699 1988 His
733 1938 935 1987 moribus
964 1937 1137 1986 imbuit
1167 1936 1333 2000 anuos]
1386 1934 1461 1984 Iu·

397 2016 504 2065 duit
548 2016 722 2079 potior
766 2017 1079 2079 scriptorum
1124 2026 1275 2077 pars;
1323 2026 1462 2061 vere.

399 2092 621 2157 Plinius,
642 2093 679 2143 1.
697 2105 899 2143 xxvm.
922 2106 969 2141 c.
986 2096 1035 2140 8.
1073 2090 1089 2119 ‘
1114 2090 1294 2139 Mores
1312 2088 1465 2153 pudiss

399 2182 486 2217 cos
510 2174 567 2217 et
590 2183 798 2219 severos
820 2166 1057 2217 induere’
1080 2166 1231 2217 dixit.
1265 2167 1415 2217 Idem.

464 2246 561 2291 122
602 2242 771 2292 Verior
806 2240 1020 2303 Augusti
1049 2241 1260 2304 genitor]
1308 2240 1463 2290 Illum

399 2317 539 2368 enim
560 2318 839 2367 necessitas
862 2324 916 2365 et
934 2323 1123 2365 natura
1144 2316 1309 2378 dedit,
1324 2314 1469 2364 hunc.

399 2392 629 2443 studium
646 2400 703 2441 et
717 2392 991 2441 institutio.
1022 2392 1304 2441 Phaedrus:
1340 2392 1465 2441 ‘Fa-

400 2468 476 2518 cit
497 2475 743 2533 parentes
762 2466 988 2531 bonitas,
1020 2482 1121 2516 non
1154 2468 1465 2518 necessitas!

400 2544 491 2594 Sic
514 2558 665 2593 verus
690 2544 804 2593 Rex
838 2543 988 2591 Deus
1011 2542 1333 2607 Christianis,
1352 2558 1463 2607 prae

403 2636 507 2688 quo
531 2621 711 2671 caeteri
729 2620 979 2685 figmenta
1000 2627 1057 2670 et
1078 2635 1247 2685 nugae.

471 2698 675 2747 Fiducia
692 2697 801 2746 belli
820 2696 963 2745 Pacis
982 2697 1241 2761 consilium]
1272 2698 1361 2747 Ita
1377 2710 1463 2748 vo-

402 2780 491 2823 cat
514 2774 869 2835 Stilichonem,
898 2773 1041 2821 velut
1072 2775 1294 2823 animam
1326 2788 1466 2823 men-

403 2856 614 2915 temque
636 2850 802 2913 ipsam
821 2848 1039 2912 Imperii
1054 2854 1109 2898 et
1125 2849 1464 2915 Reipublicae.

403 2925 583 2975 Barth.

472 3004 569 3049 124
593 2999 843 3065 Infimit]
878 3001 1021 3064 Cape
1044 3000 1111 3049 ad
1132 3000 1335 3051 insitam
1353 3000 1466 3051 diu·

404 3076 712 3127 turnitatem
735 3074 1011 3140 quandam.
1046 3076 1193 3127 Idem.

470 3152 671 3201 Artibus
685 3148 824 3212 oetas]
846 3141 1334 3215 A'rcibuslegendum
1352 3166 1469 3201 cum

404 3228 551 3281 libris
596 3228 812 3276 decem:
866 3240 1054 3289 supi-ag
1106 3228 1121 3255 ‘
1152 3227 1271 3275 Non
1314 3226 1469 3275 alium

406 3310 553 3354 certe
596 3304 843 3352 Rornanae
888 3302 1075 3351 clarius
1106 3316 1249 3352 arces
1290 3302 1470 3351 Susce-

400 3392 534 3445 pere
556 3378 775 3427 ducem!
807 3376 991 3439 Virgil.
1022 3379 1039 3405 ⁶
1060 3376 1308 3427 Inbellem
1328 3391 1472 3427 aver-

407 3458 477 3507 tis
529 3456 779 3505 Romanis
834 3454 1040 3503 arcibus
1096 3454 1319 3509 Indum!
1402 3455 1471 3505 D.

412 3532 583 3585 Heius.
1452 3588 1455 3591 ⁴

477 3614 571 3659 125
610 3608 949 3670 fiammaque
982 3608 1124 3671 pene]
1178 3606 1475 3658 Constanti·

412 3686 659 3752 nopolim,
704 3700 811 3749 prae
856 3699 959 3747 qua
1002 3680 1257 3732 deflorere
1299 3689 1355 3732 et
1386 3683 1473 3731 de-

416 3774 654 3811 crescere
672 3770 819 3810 vetus
840 3762 1005 3809 Roma
1026 3758 1318 3808 videbatur.
1366 3758 1475 3807 Ini-

416 3839 563 3903 quior
586 3853 793 3901 semper
814 3837 1071 3887 Orientali
1099 3835 1317 3899 Imperii
1340 3834 1478 3898 parti

415 3915 501 3965 hic
521 3921 687 3975 vates,
725 3928 826 3961 non
849 3913 941 3962 abs
964 3928 1021 3962 re
1043 3912 1271 3975 quidem,
1303 3910 1354 3960 in
1377 3911 1477 3959 Pa·

415 3989 553 4039 troni
569 3992 644 4038 sui
665 3989 883 4051 gratiam
902 4008 917 4050 3
951 3986 1223 4051 tangitque
1239 3983 1476 4035 laudibus

415 4067 607 4119 veteris
664 4066 841 4113 Romae
892 4064 1291 4129 degenerantem
1338 4063 1480 4113 illam

417 4144 624 4191 novam.
656 4140 837 4190 Barth.

458 4219 581 4265 426
624 4212 886 4265 Ser-vilibus
923 4214 1073 4277 arvis]
1122 4212 1386 4276 subjectis
1430 4212 1483 4265 vi

413 4286 682 4341 armorum
699 4289 933 4351 Romano
952 4288 1198 4353 Imperio.
1230 4290 1382 4341 Idem.

2415 401 2590 473 1541

1597 571 1692 617 127
1724 568 1785 616 In
1813 564 2059 630 proprium
2093 566 2283 613 seducta
2319 562 2490 627 larem]
2541 562 2594 613 Α

1528 644 1800 693 servilibus
1822 644 1920 692 illis
1942 642 2079 692 arvis
2103 646 2158 691 et
2178 638 2388 689 urbibus
2413 640 2596 690 Roma

1528 720 1792 783 subjectis.
1859 718 2084 768 Incessit
2122 716 2430 767 Consulatus
2472 715 2598 765 alio·

1528 810 1641 845 rum
1663 796 1786 845 alibi
1822 811 1974 861 qnam
2009 795 2058 843 in
2084 792 2258 857 capite
2283 790 2441 841 Orbis
2461 788 2596 841 urbe

1528 880 1725 921 sumtos
1761 880 2054 937 gestosque,
2088 884 2205 919 cnm
2239 866 2416 917 Romae
2452 867 2597 932 inge-

1528 962 1656 998 nuus
1678 949 1760 998 hic
1779 949 1848 997 sit
1869 949 2039 996 honos.
2075 946 2225 995 Idem.

1596 1024 1657 1074 In
1675 1025 1916 1088 proprium
1934 1026 2123 1073 seducta
2141 1020 2308 1083 larem]
2339 1018 2434 1069 Sed
2455 1020 2598 1069 ducta

1530 1101 1752 1152 Luceus.
1778 1103 1938 1150 bene:
1975 1098 2230 1164 quomodo
2253 1103 2309 1145 et
2347 1095 2598 1145 Bar-thius

1529 1176 1668 1226 curis
1691 1176 1930 1226 secundis
1953 1173 2190 1239 conjecit.
2225 1172 2292 1221 D.
2315 1170 2490 1221 Heius.

1595 1260 1690 1305 128
1713 1254 1962 1317 Hoeserat]
1985 1253 2290 1312 Inhaeserat,
2313 1250 2470 1299 infixa
2485 1246 2602 1297 fue-

1530 1338 1630 1383 rat.
1695 1330 1896 1381 Herm
1935 1329 2071 1377 enim
2113 1331 2437 1375 constantem
2468 1338 2598 1391 per-

1529 1408 1846 1459 mansionem
1870 1406 2097 1456 denotat.
2132 1402 2310 1454 Barth.

1596 1491 1693 1537 129
1731 1482 1960 1548 wanit]
2009 1479 2208 1531 Ordine
2231 1494 2324 1529 suo
2358 1478 2597 1531 collocat.

1533 1561 1686 1611 Idem.

1597 1640 1692 1685 130
1726 1633 1952 1683 Proxime
1988 1629 2106 1681 Diis
2142 1626 2338 1691 Comi]
2389 1628 2600 1678 Summa

1530 1710 1754 1761 felicitas
1799 1709 2090 1774 proximum
2141 1704 2408 1771 perhiberi
2465 1704 2600 1759 Deo.

1532 1788 1684 1837 Idem.

1601 1866 1694 1911 133
1730 1862 1855 1911 Luce
1876 1860 2052 1911 metalli
2072 1858 2285 1923 AEmulo]
2317 1856 2462 1907 Auro
2497 1858 2604 1907 col-

1531 1940 1714 1987 lucens
1739 1938 2074 1999 relncensque
2101 1934 2344 1999 undique.
2384 1934 2533 1983 Idem.

1602 2017 1697 2063 134
1733 2012 1954 2074 Fastigia
1973 2012 2174 2060 conserit
2205 2006 2371 2071 astris]
2420 2008 2508 2058 Ob
2533 2009 2604 2058 al·

1535 2089 1812 2141 titudinem
1847 2087 2056 2137 molium
2099 2087 2208 2135 sive
2244 2082 2603 2134 aedificiorum.

1537 2167 1686 2217 Idem.

1604 2247 1698 2291 135
1733 2242 1923 2305 Septem
1943 2238 2142 2302 scopulis
2171 2236 2331 2299 zonas]
2377 2236 2476 2285 ‘rot
2509 2248 2604 2285 nu·

1536 2332 1680 2367 mero
1731 2328 1884 2365 zonas
1938 2318 2176 2363 statuunt
2223 2312 2472 2372 nonnulli,
2515 2308 2603 2359 alii

1538 2396 1764 2459 quinque
1786 2393 1938 2442 solas.
1973 2390 2123 2439 Idem

1603 2472 1782 2535 Zonas]
1817 2470 1937 2520 Fuit
1959 2468 2116 2517 etiam
2151 2466 2331 2515 Romae
2373 2464 2606 2527 Septizo-

1538 2550 1700 2611 nium,
1739 2546 1900 2595 index
1939 2542 2078 2593 forte
2121 2548 2323 2606 septem
2371 2542 2605 2603 planeta-

1539 2640 1670 2676 rum.
1701 2625 1890 2673 Clas-er.

1606 2705 1701 2751 136
1717 2704 1966 2750 Amorum
1979 2698 2219 2759 legumque
2228 2692 2422 2757 parens]
2438 2692 2606 2743 Quar-

1539 2783 1625 2827 tus
1649 2776 1932 2825 Vaticanus
1947 2788 2040 2837 pro
2055 2772 2260 2821 diversa
2282 2770 2504 2819 lectione
2521 2783 2607 2831 po-

1540 2858 1674 2903 tens.-
1717 2867 1816 2915 quo
1853 2848 2038 2898 alludit
2079 2854 2135 2897 et
2173 2842 2608 2910 Rottendorphia-

1540 2943 1653 2993 nus,
1687 2928 1775 2993 qui
1803 2930 1986 2990 pateus.
2051 2936 2132 2972 lv.
2157 2924 2312 2972 Cous.
2347 2919 2568 2970 Honor-ii
2590 2916 2610 2967 i

1541 3004 1557 3033 ‘
1580 3004 1782 3065 Cernis,
1821 3008 1882 3051 nt
1919 3014 2176 3049 armorum
2223 3010 2483 3061 proceres,
2535 2996 2608 3044 le-

1546 3070 1770 3143 gumque
1807 3080 2048 3140 potentes
2095 3074 2354 3123 Patricios
2387 3078 2609 3121 *sumunt

1542 3152 1781 3203 habitus.'
1845 3152 1932 3200 Sic
1954 3150 2111 3211 legum
2138 3154 2308 3212 potens
2328 3146 2610 3209 Pompeius

1544 3232 1790 3289 Lucano;
1840 3227 1932 3277 ubi
1977 3241 2142 3291 regum
2184 3226 2318 3274 male
2376 3224 2608 3287 legitur:

1542 3306 1559 3335 ⁴
1581 3308 1703 3357 Non
1737 3306 1957 3354 domitor
1993 3302 2190 3365 mundi,
2221 3314 2322 3351 nee
2359 3306 2439 3350 ter
2460 3300 2612 3363 Capi-

1548 3382 1676 3433 tolia
1715 3395 1867 3429 curru
1906 3379 2168 3441 Invectus,
2206 3378 2480 3441 legumque
2518 3390 2612 3439 po·

1548 3464 1683 3518 tens,
1735 3454 2024 3519 vindexque
2081 3451 2337 3502 Senatus.'
2403 3453 2422 3479 ‘
2458 3451 2611 3500 Divae

1546 3548 1914 3597 nemorumque
1950 3529 2206 3595 potentes'
2241 3537 2418 3579 noster
2441 3527 2612 3588 infra3

1548 3620 1607 3663 et
1638 3615 1654 3641 ‘
1681 3620 1867 3677 potens
1891 3610 2156 3660 volucrum
2191 3606 2376 3673 aquila'
2418 3604 2616 3654 Praefa-

1546 3690 1690 3739 tione
1715 3688 1856 3737 tertii
1882 3686 2188 3735 Consulatus
2215 3682 2434 3733 Honorii
2473 3680 2612 3745 Aug.

1550 3767 1566 3793 ‘
1593 3765 1874 3815 Nemorum
1889 3766 2133 3825 potentes
2150 3760 2361 3823 sylvani
2377 3764 2433 3807 et
2450 3756 2614 3819 Nym-

1551 3837 1688 3904 phae’
1721 3836 1858 3902 apud
1892 3836 2112 3886 eundem
2155 3835 2243 3885 lib.
2278 3848 2365 3885 ιιι.
2396 3832 2616 3895 ‘Pelagi

1552 3916 1736 3981 potens
1763 3912 1991 3964 Rhodos'
2024 3913 2118 3961 lib.
2156 3926 2206 3961 v.
2242 3914 2259 3941 ‘
2283 3913 2482 3961 Potens
2507 3909 2618 3957 veri

1552 3993 1733 4042 Paean'
1755 3992 1965 4040 ibidem.
1996 3992 2011 4017 ‘
2036 3988 2244 4038 Animal
2265 3994 2452 4051 potens
2471 3982 2618 4033 lethi'

1554 4068 1647 4118 lib.
1671 4082 1746 4117 vr.
1779 4068 1850 4117 D.
1875 4064 2050 4115 Heius.

1620 4151 1715 4197 138
1751 4145 1962 4207 Exigitis
1981 4142 2276 4208 quoefiuibus
2305 4137 2436 4200 ortu]
2467 4136 2618 4186 Prin-

1555 4223 1696 4287 cipia
1718 4222 1964 4272 Romanae
1986 4210 2252 4270 P'otentiae
2277 4213 2510 4265 omnibus
2533 4227 2619 4263 no-

1555 4299 1754 4351 tissima
1767 4303 1906 4347 sunt.
2251 4310 2258 4315 ·
