3167 4984
991 369 1327 422 nnuman
1376 371 1475 422 DE
1522 368 1896 424 PHOENlcss.

316 503 609 594 plurimam
636 497 911 580 provenire
932 513 1137 567 Plinius
1163 521 1405 569 testatur.

320 597 501 648 'Certe
526 595 842 644 scholiastes
866 594 1114 644 Nicandri
1137 593 1407 658 xeapeweior

210 723 217 731 .
318 671 417 722 τεαὶ
451 668 753 733 κεπαυρείαν
791 667 868 717 καὶ
904 667 1158 718 raudatio
1196 669 1406 719 easdem

332 749 541 812 plantas
563 744 840 796 manifeste
863 744 1017 794 facit:
1054 745 1147 794 sed
1169 757 1287 794 cum
1320 759 1407 807 pa-

322 835 515 872 naceae
539 835 729 870 nomeu
752 819 944 868 diversi
970 821 1173 884 generis
1195 821 1406 883 plantis,

322 911 435 950 ‘nec
458 899 507 948 vi
533 912 597 947 ac
620 904 887 961 potestate
908 897 1147 946 medendi
1172 899 1269 946 ute
1302 895 1407 946 for·

328 987 423 1026 m
446 975 544 1025 sibi
566 975 787 1024 invicem
825 974 950 1023 satis
975 972 1407 1037 respondentibus

334 1052 406 1102 sit
422 1050 668 1110 inditum,
691 1063 905 1114 quarum
926 1051 1083 1098 etiam
1104 1049 1153 1098 in
1179 1061 1411 1110 numero,

332 1135 397 1178 ut
404 1130 521 1192 jam
540 1127 780 1186 vidimus,
798 1133 1152 1185 cent-aureum,
1175 1125 1409 1174 excusari

338 1203 582 1256 Lucanus
620 1207 819 1266 potest,
853 1201 1059 1260 defendi
1092 1202 1176 1248 vix
1218 1207 1413 1264 potest,

340 1279 429 1344 qui
484 1279 713 1343 speciem
767 1291 799 1328 a
842 1291 1034 1341 genere
1090 1275 1407 1338 distinguat:

340 1369 459 1404 nam
492 1361 549 1405 et
572 1353 775 1403 Plinius
798 1367 915 1403 cnm
940 1352 1205 1402 Nicandro
1226 1358 1412 1402 centau-

340 1446 474 1480 ream
531 1443 780 1494 panaceae
838 1427 1109 1491 speciebus
1154 1434 1412 1479 accenset.

342 1507 421 1556 Ut
442 1515 619 1557 autem
644 1501 899 1555 botanici's
934 1505 1047 1554 ltaec
1086 1503 1414 1554 discutienda

336 1582 709 1647 relinquamus,
731 1580 866 1646 quod
892 1581 1110 1628 maxime
1136 1579 1200 1629 ad
1228 1595 1412 1644 propo-

344 1659 501 1709 situm
525 1663 581 1708 et
606 1672 715 1708 rem
738 1663 1046 1721 praesentem
1070 1656 1215 1718 facit,
1252 1658 1413 1706 'Pheo-

344 1736 587 1799 phrastus
632 1733 883 1784 Historiae
930 1733 1233 1782 Plantarum
1276 1733 1414 1782 th.

347 1827 394 1862 c.
432 1815 513 1861 12.
552 1817 777 1875 quatuor
812 1823 1055 1874 panaceae
1094 1809 1296 1872 species
1340 1825 1417 1858 re-

346 1889 592 1949 censetus
630 1887 845 1950 primam
882 1885 1107 1936 omnium
1147 1892 1417 1935 enumerat

348 1977 633 2030 panaceam
655 1962 939 2026 Syriacam,
976 1961 1041 2011 de
1068 1977 1171 2026 qua
1194 1963 1417 2011 Lactan-

347 2041 449 2090 tius
483 2053 691 2103 quoque
728 2047 905 2087 noster
937 2051 1072 2086 nnnc
1112 2037 1240 2101 agit,
1276 2045 1333 2087 ut
1362 2044 1419 2088 et

344 2115 571 2178 Plinius,
603 2114 638 2163 l.
662 2127 763 2162 xn.
788 2129 835 2162 c.
859 2115 939 2163 26.
974 2114 1059 2163 ubi
1094 2113 1136 2163 is
1161 2114 1418 2163 immerito

351 2189 755 2254 reprehenditur
799 2203 830 2238 a
872 2189 1234 2253 Dalecampio,
1282 2189 1418 2254 qnod

348 2266 627 2332 ungnentis
673 2279 904 2329 panacen
945 2267 1305 2329 annumerarit,
1342 2266 1419 2315 in-

348 2342 489 2408 ·grati
538 2342 730 2404 odoriS,
772 2342 813 2391 si
854 2341 975 2406 quid
1021 2341 1094 2390 illi
1147 2342 1422 2405 credimus,

354 2422 606 2490 plantam.
672 2418 827 2483 Atqui
850 2419 1238 2482 Theophrastus
1276 2417 1421 2468 nist.

354 2497 533 2547 Plant.
558 2497 596 2546 l.
620 2509 703 2546 xx.
726 2509 776 2545 e.
800 2500 879 2545 lo.
904 2493 972 2544 de
998 2507 1189 2558 panace
1210 2512 1222 2544 z
1257 2492 1422 2558 χρήσι·

354 2591 433 2635 μοι
469 2571 521 2622 δὲ
558 2573 638 2621 καὶ
668 2571 782 2636 πρὸς
810 2570 869 2620 τὸ
898 2569 1040 2635 Ῑρινὺν
1057 2569 1219 2634 μύρον,
1240 2571 1316 2620 διὰ
1335 2570 1427 2629 τὴν

357 2648 567 2698 εὖωδίαν·
602 2646 905 2712 ἰσχυρότερον
940 2646 991 2696 δὲ
1023 2647 1081 2695 τὸ
1119 2645 1303 2712 σπέρμα
1337 2647 1425 2706 τῆς

356 2725 503 2789 ῥίζης·
550 2723 738 2786 ’γίνεται
776 2723 827 2773 δὲ
862 2721 967 2788 περὶ
1008 2723 1195 2788 Συρίαν.
1264 2723 1424 2774 Vides

348 2801 773 2865 Theophrastum
815 2815 931 2850 eum
987 2800 1160 2850 Plinio
1213 2801 1425 2850 sentire.

359 2878 533 2942 Agere
559 2883 733 2926 autem
756 2875 979 2924 Plinium
1002 2875 1067 2926 de
1088 2873 1302 2940 Syriaca
1325 2876 1425 2925 Pa-

358 2969 543 3017 nacea,
592 2954 671 3002 vel
714 2952 834 3002 inde
875 2952 1120 3016 liquidum
1165 2951 1244 3014 fit,
1287 2954 1425 3019 qnod

355 3033 570 3096 plantas
610 3029 774 3094 Syriae
816 3029 1060 3078 odoratas
1102 3043 1164 3078 eo
1209 3030 1323 3093 ipso
1364 3045 1426 3078 ae

364 3107 597 3170 proxime
622 3104 940 3168 praecedenti
963 3105 1137 3168 capite
1152 3105 1428 3156 describat.

364 3183 482 3234 Nec
520 3181 883 3243 dubitandum,
932 3182 1052 3245 quin
1099 3188 1154 3231 et
1196 3182 1429 3232 Maronis

360 3261 511 3310 ⁴locus
542 3260 654 3323 jam
689 3273 721 3307 a
743 3273 825 3307 me
858 3258 910 3306 in
934 3257 1159 3306 medium
1184 3258 1430 3321 prolatus,

367 3334 433 3386 (le
456 3329 673 3400 Syriaca
699 3326 927 3396 panacea
962 3333 1324 3398 intelligendus
1347 3334 1432 3396 sit,

359 3413 510 3478 ¹quod
556 3411 839 3472 odoriferam
877 3425 989 3460 eam
1029 3411 1137 3459 illie
1180 3412 1430 3474 appellet.

366 3486 636 3552 Syriacam
662 3494 751 3538 aut
775 3487 897 3535 nihil
934 3493 1025 3536 ant
1049 3487 1311 3536 minimum
1335 3485 1434 3536 dif-

368 3563 511 3616 ferre
528 3565 597 3614 ab
608 3565 869 3614 Heraclea
884 3563 1039 3614 facile
1065 3572 1330 3628 agnoscet,
1348 3565 1434 3631 qni

368 3641 643 3704 utriusque
682 3639 1089 3704 descriptionem
1133 3639 1183 3688 in
1220 3641 1436 3689 Diosco-

370 3717 481 3766 'ride
506 3717 781 3781 Plinioqne
806 3717 1094 3766 accuratius
1128 3717 1299 3779 paullo
1323 3729 1437 3780 per-

370 3791 587 3856 pendet.
622 3791 781 3840 Certe
797 3805 1065 3855 opopanax
1083 3789 1192 3840 sive
1209 3791 1439 3854 lacryma

376 3865 662 3916 suavissimi
687 3865 858 3915 odoris
883 3881 947 3915 ex
968 3866 1065 3914 hac
1090 3873 1146 3916 et.
1178 3865 1267 3915 illa
1299 3866 1439 3915 colli-

372 3942 610 4006 gebatur.
677 3941 759 3990 De
783 3943 1159 4006 oleo'panacite
1179 3943 1287 4005 agit
1302 3942 1437 3992 idem

374 4013 595 4082 Plinius,
617 4019 653 4066 l.
680 4029 805 4068 xm.
828 4031 873 4066 c.
899 4021 946 4068 7.
977 4019 1121 4068 Scite
1139 4019 1297 4080 igitur
1312 4018 1439 4068 Lae-

374 4093 576 4144 tantius
614 4093 851 4144 Pboenici
887 4093 941 4141 in
970 4095 1120 4157 Syria
1152 4093 1441 4144 nidificanti

376 4177 627 4234 panacem
649 4169 844 4232 plantat
868 4167 1114 4232 Syriacae,
1136 4175 1191 4218 et
1213 4169 1439 4234 quidem,

374 4250 439 4298 'ut
449 4245 564 4312 jam
582 4244 825 4310 vidimus,
842 4243 1213 4296 odoratissima
1236 4243 1438 4308 copiam

2362 329 2543 424 ³174&

1478 515 1618 568 inter
1636 524 1856 569 caeteras
1867 513 2054 568 herbas
2070 517 2422 568 suaveolentes
2428 517 2543 582 jam

1481 597 1764 645 recensitas
1809 593 1952 644 facit.
2019 592 2214 644 Videor
2251 591 2442 643 alicubi
2472 595 2543 643 le-

1480 672 1616 734 gisse
1639 683 1882 734 panaceae
1913 685 2026 720 cum
2065 670 2270 734 myrrha
2293 667 2394 718 vim
2418 683 2544 718 non-

1480 746 1606 796 nihil
1659 745 1818 795 fnisse
1864 761 2204 807 communem,
2259 744 2350 794 sed
2396 745 2541 794 loeus

1482 835 1619 871 nunc
1659 823 1866 886 quidem
1906 835 2008 870 non
2052 821 2310 871 succurrit
2359 827 2450 870 ant
2491 821 2547 870 in

1482 905 1728 961 promptu
1753 903 1851 948 est.
1919 895 2160 947 Gaudeat
2183 895 2391 945 interim
2407 895 2548 945 ‘Lac-

1482 973 1680 1022 tantius
1735 972 2020 1022 foedissimo
2073 985 2220 1020 naevo
2275 969 2546 1022 liberatus.

1485 1048 1638 1097 Nunc
1662 1047 1726 1098 ad
1746 1049 1942 1112 reliqua
1964 1061 2260 1113 pergamus.

1548 1127 1616 1173 89
1649 1123 1876 1172 Protinus
1895 1123 1946 1170 in
1965 1127 2116 1171 strato
2136 1135 2302 1185 corpas
2314 1119 2550 1172 mutabile

1484 1197 1620 1262 nido]
1654 1199 1910 1248 Iustrcclis
1945 1211 2112 1262 corpus
2141 1197 2312 1247 mobile
2345 1195 2550 1249 Vossia-

1485 1289 1603 1340 nus,
1626 1283 1682 1326 et
1710 1277 1963 1340 Nidalique
1981 1281 2110 1325 toro:
2145 1277 2236 1325 sed
2266 1277 2456 1326 vitalem
2480 1282 2550 1326 to-

1486 1369 1594 1402 rum
1615 1361 1798 1416 argute
1820 1353 2039 1402 mortuali
2057 1357 2180 1414 toro,
2202 1353 2253 1400 in
2289 1365 2441 1417 quem
2465 1363 2552 1401 ca-

1488 1429 1684 1478 davera
1719 1427 2175 1491 componebantur,
2211 1429 2430 1491 opponit
2451 1443 2553 1478 cor·

1484 1519 1576 1568 pas
1597 1501 1853 1553 irfflotabize
1874 1501 2195 1562 Hafniensis.
2229 1503 2556 1553 Lincolnien·

1488 1579 1555 1628 sis
1587 1595 1755 1643 eorpus
1780 1579 2041 1642 manabile,
2072 1585 2134 1629 ut
2155 1585 2210 1629 et
2243 1561 2551 1631 Medicens:

1490 1675 1622 1708 unus
1639 1659 1945 1720 Vaticanus,
1963 1659 2132 1707 stratis
2142 1673 2309 1721 eor-pas
2323 1653 2556 1710 mirabile.

1489 1733 1662 1786 forsan
1689 1749 1784 1798 pro
1803 1731 2082 1796 reparabile.
2145 1732 2384 1782 Viderint
2405 1747 2556 1799 saga-

1492 1810 1660 1859 ciores
1695 1823 1764 1858 an
1802 1809 2014 1873 vulgata
2052 1809 2312 1872 scriptura
2343 1807 2459 1859 loco
2488 1807 2558 1860 sit

1490 1885 1762 1936 movenda.

1556 1965 1623 2012 96
1642 1963 1880 2013 flammas
1889 1962 2215 2027 parturitipse
2231 1961 2378 2026 calor]
2403 1961 2559 2014 Ποιη-

1494 2053 1617 2088 mom
1637 2038 1841 2103 scripti,
1864 2045 1920 2088 et
1933 2038 2244 2102 AEtkerioque
2267 2054 2364 2103 pro
2386 2039 2560 2090 Aerio-

1494 2131 1616 2179 queg
1651 2122 1812 2166 recte.

1560 2198 1626 2242 99
1660 2191 1773 2242 Hos
1806 2193 1933 2242 velat
1973 2191 2026 2241 in
2055 2206 2256 2240 massam
2293 2189 2470 2240 eineres
2507 2190 2560 2240 ἔτι

1494 2274 1645 2318 morte
1677 2269 1880 2332 coactos]
1940 2268 2160 2318 Codices
2204 2267 2386 2329 nostri,
2432 2267 2562 2324 Quos

1493 2345 1636 2393 velut.
1701 2344 1974 2394 Praeterea
1991 2343 2270 2393 Vossianus
2300 2346 2477 2394 cineres
2507 2345 2563 2395 itt

1495 2433 1624 2470 more
1661 2423 1876 2469 coactas.-
1909 2430 2040 2468 unus
2060 2419 2346 2468 Vaticanus
2385 2419 2563 2470 ciaere's

1496 2497 1730 2553 demere,-
1762 2496 1914 2557 alter,
1943 2495 2120 2545 celesti
2141 2511 2245 2545 rore
2267 2494 2481 2546 coactos.-
2511 2495 2564 2545 iis

1496 2577 1655 2622 monte
1678 2571 1935 2622 Oxonius.
1999 2571 2178 2634 Forte,
2198 2572 2248 2621 in
2270 2587 2472 2622 massam
2499 2571 2566 2621 ei-

1498 2665 1632 2699 neres
1671 2649 1776 2699 siae
1815 2663 1942 2698 more
1976 2653 2194 2708 moetos,-
2236 2649 2334 2698 hoc
2373 2655 2475 2713 est,
2509 2646 2565 2698 in

1500 2739 1716 2778 massam
1761 2726 2079 2776 inconditam
2132 2731 2286 2790 atque
2341 2725 2568 2790 indiges-

1502 2809 1606 2852 tam
1629 2819 1642 2852 :
1680 2801 1754 2852 sic
1789 2803 1890 2852 siue
1921 2817 2049 2852 more
2066 2801 2256 2863 farere,
2275 2817 2481 2865 currere,
2503 2801 2572 2852 si·

1499 2877 1761 2942 miliaque.
1827 2876 2002 2925 Possis
2027 2877 2181 2926 etiam
2205 2876 2256 2925 in
2277 2891 2477 2928 mamm
2497 2877 2567 2926 cz·-

1499 2966 1637 3003 neres
1667 2953 1929 3016 orbemque,
1965 2952 2048 3000 vel
2081 2953 2406 3014 cumulumque
2438 2967 2568 3001 coae-

1500 3034 1606 3078 tos.-
1640 3028 1731 3077 sed
1761 3027 1864 3077 sine
1900 3039 2027 3076 more
2052 3027 2261 3089 propius
2285 3027 2570 3090 respondet

1502 3106 1766 3154 Vossianoe
1807 3103 2098 3166 scripturae.
2161 3101 2248 3150 Sic
2283 3101 2420 3164 apud
2457 3101 2569 3149 Ma-

1504 3193 1703 3245 ronem,
1737 3179 2069 3242 ‘Tempestas
2091 3177 2198 3226 sine
2232 3191 2376 3226 more
2408 3175 2571 3227 furit?

1504 3259 1636 3308 Mox
1660 3254 2044 3320 corrigendum,
2072 3258 2120 3304 et
2140 3251 2360 3318 effectum
2379 3253 2572 3304 seminis

1505 3335 1663 3383 instar
1695 3331 1863 3382 habent
1880 3347 1901 3389 ,·
1935 3331 2137 3380 cineres
2169 3343 2391 3394 nempe3
2429 3329 2570 3394 quod

1508 3409 1676 3460 codex
1697 3393 1996 3457 Haftfiensis
2010 3413 2066 3455 et
2086 3405 2440 3456 Bartholinius
2454 3419 2574 3456 con·

1507 3485 1736 3548 firmant,
1774 3483 1914 3532 habet
1950 3483 2003 3533 in
2040 3481 2260 3546 vulgatis
2296 3494 2572 3546 perperam

1510 3560 1895 3614 circumfertur.
2419 3555 2424 3563 '

1580 3642 1676 3688 102
1699 3635 1966 3698 Sedfertur
1978 3635 2170 3698 vermis]
2199 3635 2356 3686 Ventri
2372 3635 2422 3684 in
2445 3634 2574 3700 pris-

1512 3713 1587 3762 cis
1607 3713 2006 3777 exemplaribus.
2038 3713 2312 3762 concinne.

1580 3793 1676 3840 1⁰3
1712 3789 1876 3840 Crevit
1917 3791 1968 3838 in
2007 3788 2307 3852 immensum]
2360 3779 2576 3837 creverit

1514 3867 1791 3916 immensum
1834 3866 2132 3931 Vossianus,
2175 3880 2292 3916 cum
2346 3862 2576 3914 editione

1516 3943 1772 4004 Romana,
1786 3957 1902 3992 cum
1917 3949 2141 4007 quatuor
2152 3938 2413 3990 codicibus
2425 3955 2441 3987 :
2474 3947 2576 4002 quo

1518 4019 1704 4069 alludit
1727 4026 1781 4068 et
1805 4019 2116 4068 oxoniensis
2138 4017 2257 4066 libri
2281 4011 2424 4076 illud,
2461 4013 2576 4062 Cre·

1516 4096 1639 4144 verit
1673 4095 1725 4144 in
1761 4111 1977 4144 massam.
2013 4119 2024 4128 ·
2047 4093 2263 4140 Crescere
2286 4090 2579 4154 immensum,

1509 4167 1575 4221 'et
1596 4172 1648 4219 in
1662 4171 1935 4220 immensum
1955 4168 2162 4217 dicitnr.
2229 4165 2372 4214 Naso
2395 4163 2580 4215 Fasto-

1518 4257 1632 4296 rum
1655 4245 1690 4294 l.
1715 4259 1770 4295 v.
1802 4246 1821 4274 ⁴
1839 4245 2094 4295 Creverat
2123 4240 2462 4304 immensum3
2491 4235 2578 4291 co}-
