3167 4984
510 420 682 491 1492

577 586 671 632 255
707 576 920 641 Morbis]
955 570 1216 633 Ambigua
1251 563 1416 617 etiam
1453 574 1576 623 vox,

512 661 733 709 alterum
764 648 1068 719 perstringit
1098 640 1320 703 libidini,
1355 639 1576 688 alterum

515 734 653 801 gulae
676 728 916 782 curandis
938 722 1184 774 artifices.
1225 716 1405 767 Barth.

579 812 678 861 366
713 804 868 855 omiti
898 798 1074 861 subito]
1121 790 1316 845 Summi
1347 786 1576 853 stuporis

516 891 599 935 est
637 876 969 947 proesentium
1003 869 1400 936 urgentiumque
1421 877 1578 926 nego·

517 960 706 1010 tiorum
740 955 795 1004 in
817 952 932 1015 ipss
953 960 1132 998 eorum
1155 942 1466 995 tractatione
1485 938 1578 989 ob·

519 1032 706 1085 livisci.
742 1029 895 1079 Idem.

583 1108 823 1171 Bellisone
873 1098 1076 1161 relictis]
1143 1096 1368 1157 Beuoqnoe
1413 1090 1580 1140 relicto

517 1183 701 1248 scripti
717 1178 972 1247 plerique.
1003 1176 1074 1224 D.
1095 1170 1268 1221 Heius.

584 1264 684 1311 ⁸59
698 1258 822 1315 Quis
833 1256 1000 1305 melius
1009 1249 1200 1301 vibrata
1215 1258 1334 1309 puer
1347 1241 1582 1304 vertigine

519 1336 654 1387 molli
691 1332 906 1383 Membro
941 1330 1096 1382 rom,-
1125 1325 1285 1373 vertat
1319 1318 1426 1383 quis
1455 1331 1582 1367 mar·

519 1427 654 1463 mora
673 1410 804 1459 crine
838 1403 1028 1469 supino]
1059 1399 1216 1450 Licet
1249 1394 1336 1445 alii
1375 1404 1478 1442 non
1515 1391 1582 1441 de

519 1488 681 1549 disco,
701 1484 794 1535 sed
817 1482 883 1531 de
921 1476 1106 1543 puerili
1141 1470 1362 1538 quodam
1385 1466 1583 1517 exerci-

521 1566 754 1615 tamento
773 1554 994 1618 intelligi
1012 1564 1213 1601 versum
1231 1548 1368 1596 bunc
1386 1545 1552 1595 velint
1567 1559 1583 1603 ς

526 1654 630 1705 quo
652 1638 726 1686 illi
752 1633 973 1699 pedibus
991 1630 1043 1678 in
1068 1628 1230 1676 altum
1249 1620 1483 1681 sublatis,
1501 1632 1586 1668 cn-

522 1720 622 1779 put
642 1714 696 1762 in
726 1716 920 1760 terram
952 1702 1299 1759 dimittebant,
1331 1704 1386 1747 et
1407 1698 1589 1759 legunt

523 1806 592 1840 ex
630 1788 736 1837 fide
775 1786 904 1834 Mss.
945 1779 1213 1833 codicum:
1271 1774 1444 1824 Vermt
1485 1770 1591 1833 qui-r

523 1876 760 1914 mmmm
776 1861 906 1908 crine
923 1852 1122 1919 supino?
1155 1852 1458 1911 Dempster.

602 1925 848 1988 Vertigine
887 1920 1041 1983 molti]
1108 1918 1231 1967 Non
1273 1910 1593 1963 obhaerente.

526 2002 714 2054 Mollia
735 2002 870 2051 enim
903 1998 1074 2050 omnia
1113 2008 1230 2060 quae
1268 1989 1422 2040 facile
1460 1985 1595 2035 fiunt

523 2075 882 2141 scriptoribus.

595 2158 694 2203 ⁸6⁰
731 2153 902 2202 Vertat
943 2149 1048 2213 quis
1087 2140 1344 2205 inermum]
1429 2141 1597 2188 Ver-rat

413 2250 422 2257 ·
527 2228 846 2281 membranae
867 2225 1153 2283 nonnullam
1193 2218 1330 2285 quod
1351 2216 1466 2269 aliis
1481 2215 1593 2279 jam

531 2307 943 2373 deprehensum:
978 2303 1110 2352 crim
1127 2302 1278 2349 soluto
1307 2310 1408 2345 non
1429 2292 1595 2355 supino

529 2382 838 2433 Palatinus:
895 2374 1137 2440 sequenti
1193 2385 1344 2421 versu
1395 2371 1597 2418 laterum

529 2472 670 2509 arcus
686 2468 789 2505 non
809 2457 946 2503 ortus
963 2464 1080 2500 cum
1114 2445 1364 2496 tredecim
1385 2441 1597 2504 scriptis

531 2530 829 2597 legendum.
889 2526 1007 2577 Val.
1028 2526 1244 2575 Flaccus
1278 2534 1354 2571 ιν.
1386 2516 1597 2567 ‘vitalia

531 2608 676 2671 rupit
701 2605 938 2665 vincula,
953 2617 1059 2666 qua
1074 2600 1240 2663 primo
1263 2594 1442 2667 cervix
1463 2606 1597 2643 com·

533 2683 764 2735 mittitur
781 2695 904 2730 arcu
923 2679 955 2728 ε’
989 2680 1086 2727 boc
1105 2681 1188 2725 est
1204 2674 1383 2739 primae
1400 2676 1561 2720 costae
1578 2684 1595 2729 ς

540 2759 618 2809 sic
645 2757 817 2807 scribo
839 2773 852 2805 ι
887 2755 1040 2818 vulgo
1065 2758 1192 2803 artu.
1245 2751 1376 2800 Mox
1398 2747 1599 2799 motibus

533 2846 632 2898 pro
668 2830 873 2880 moribus
905 2825 1329 2892 Rapbelengius:
1368 2822 1598 2886 optimo;

536 2905 842 2957 confirmant
878 2900 1208 2953 Lemniensis
1241 2904 1299 2948 et
1330 2899 1602 2947 Puteanea

539 2988 820 3045 excerpta:
855 2980 930 3028 sic
952 2982 1102 3027 motus
1141 2976 1292 3025 Ionica·
1331 2988 1424 3037 pro
1447 2974 1602 3022 salta-

537 3057 762 3108 tionibus
816 3054 1064 3104 Horatio:
1115 3058 1172 3103 et
1223 3052 1276 3101 in
1329 3047 1604 3099 catalectis

539 3132 751 3190 Pitboei,
765 3129 1017 3194 Epicedio
1038 3127 1224 3199 Mimiz
1248 3127 1265 3155 ‘
1287 3124 1522 3175 Motibus
1541 3136 1603 3172 sc

538 3207 710 3271 dictis,
723 3208 919 3270 tragica
931 3218 1137 3271 quoque
1149 3218 1275 3253 voce
1291 3200 1554 3267 placebam
1569 3198 1602 3248 ε’

541 3290 600 3335 et
619 3284 740 3334 alibi
777 3283 840 3331 de
867 3283 1067 3332 Mimo:
1102 3281 1124 3345 ἢ
1145 3282 1280 3330 Nam
1301 3292 1416 3328 cum
1454 3282 1605 3339 grata

541 3362 729 3411 chorus
752 3357 997 3409 diffundit
1033 3357 1240 3407 cantica
1265 3354 1450 3415 dulcis,
1473 3352 1603 3403 Quae

541 3442 754 3487 resonat
775 3441 975 3497 cautor,
990 3431 1218 3482 motibus
1238 3430 1348 3493 ipse
1365 3426 1552 3492 probat
1570 3426 1606 3476 :'
1647 3459 1650 3462 -

543 3510 680 3561 bene
701 3512 858 3560 etiam
895 3511 1030 3560 idem
1068 3506 1450 3571 Rspbelengius
1467 3504 1607 3552 choro

542 3599 653 3650 pro·
668 3585 836 3634 thoro.-
871 3590 1030 3647 atque
1049 3583 1124 3631 ita
1144 3579 1281 3629 libri.
1314 3580 1384 3628 D.
1407 3578 1583 3627 Heius.

619 3661 762 3711 Vetat
815 3660 920 3724 quis
967 3672 1200 3707 marmora
1247 3656 1376 3704 crine
1415 3652 1607 3716 supino]

546 3737 824 3799 Marmora,
845 3736 1038 3785 discum
1061 3745 1414 3783 marmoreum.
1449 3729 1608 3778 Crine

546 3812 755 3876 supino,
771 3826 837 3860 ex
857 3811 1010 3860 Hom.
1035 3810 1226 3871 Odyss.
1251 3814 1309 3855 Θ.
1343 3806 1440 3863 Τὴν
1451 3803 1609 3869 ἕτερος

547 3884 778 3949 >tuaene
808 3885 921 3935 ποτὶ
950 3882 1096 3948 νέφεα
1137 3882 1354 3932 σκιόεντα
1389 3880 1611 3931 ’ἰδνωθεὶς

548 3960 714 4011 ὀπίσω.
748 3962 902 4011 Brod.

625 4036 795 4086 Ver-rut
834 4037 940 4099 quis
979 4048 1210 4083 marmora
1258 4033 1386 4081 crine
1421 4032 1610 4096 supino]

555 4112 748 4175 Capite
785 4124 886 4175 per
928 4110 1179 4173 impactos
1216 4109 1326 4157 solo
1383 4107 1608 4158 lacertos

541 4188 798 4252 trajecto,
817 4201 917 4250 quo
941 4186 1090 4235 modo
1109 4191 1420 4235 comatorum
1436 4184 1608 4232 histri·

555 4276 710 4312 onum
741 4262 916 4325 capilli
938 4262 1098 4311 solum
1123 4265 1348 4323 tergunt.
1415 4258 1611 4308 Hodie-

555 4352 656 4405 que
671 4337 839 4389 ubivis
859 4337 1092 4405 gentium
1105 4337 1298 4391 multos
1313 4334 1608 4399 hujusmodi

873 430 1089 482 ⁸0¹1*AE
1135 419 1665 481 VARIORUM‘IN
1713 416 1827 466 Gla·
1874 413 2152 464 GLAUD.
2197 408 2339 458 XX·

1652 570 1861 608 exosses
1876 555 2147 605 saltatores
2164 548 2420 609 videmus,
2426 544 2537 610 qni,
2552 544 2721 597 meni-

1652 634 1753 697 bus,
1770 634 1821 682 in
1846 638 2037 681 terram
2060 626 2190 689 nixi,
2226 626 2311 675 vix
2346 620 2482 675 elabi
2504 620 2716 673 videsn-

1658 717 1744 759 tur
1764 707 1949 771 capitis
1978 702 2331 765 afflictionem,
2364 699 2490 748 dum
2518 710 2578 747 se
2598 694 2720 746 sub·

1647 786 1841 850 jicinnt
1882 780 1999 844 sibi,
2036 788 2093 829 et
2135 778 2189 827 in
2224 791 2300 839 se,
2334 774 2459 825 orbe
2494 770 2717 837 quodam

1656 860 1895 923 mirifico,
1932 853 2217 917 convoluti,
2248 857 2306 902 et
2332 864 2454 901 mox
2476 848 2567 898 illo
2598 860 2721 899 evo·

1656 938 1775 1001 luti,
1794 936 1975 985 ultima
1992 930 2170 996 primis
2188 925 2515 993 trajiciendo,
2538 924 2593 973 in
2612 936 2721 976 mn-

1658 1029 1815 1064 nuum
1832 1010 2047 1074 vestigia
2062 1006 2278 1072 pedibus
2292 1003 2533 1062 redeunt,
2548 1000 2602 1051 in
2614 1012 2723 1054 mu,-

1658 1104 1755 1139 nns
1772 1100 1971 1137 rursum
1996 1082 2215 1135 elevatis
2232 1086 2291 1129 et
2310 1079 2364 1127 in
2388 1076 2565 1127 orbem
2586 1080 2723 1125 rotn-

1661 1165 1728 1213 tis
1752 1162 1882 1224 istis,
1921 1166 1979 1211 ut
2014 1162 2269 1223 perpetuo
2302 1151 2523 1218 quodam
2562 1150 2721 1215 globo

1661 1240 1979 1303 praetereant
2000 1248 2133 1295 sese,
2164 1236 2222 1281 et
2242 1236 2355 1281 toto
2379 1240 2594 1292 corpore
2615 1225 2724 1275 vol-

1659 1321 1847 1364 vuntur
1890 1314 1943 1362 in
1998 1309 2191 1369 aerem,
2246 1299 2545 1366 excipiendi
2584 1312 2723 1350 nunc

1656 1403 1899 1441 manuum
1920 1386 2110 1448 denuo,
2145 1395 2283 1433 nunc
2320 1380 2507 1429 iterum
2530 1376 2723 1441 pedum

1660 1465 1920 1517 subsidiis.
1964 1462 2143 1513 Barth.
2480 1472 2483 1474 ’

1726 1546 1823 1591 364
1860 1540 1966 1588 Nee
2001 1540 2113 1587 dum
2145 1534 2389 1584 commissu
2404 1532 2543 1581 choro
2562 1533 2727 1579 canta·

1660 1621 1741 1666 tur
1759 1614 1951 1678 Agave]
1981 1614 2129 1663 Citra
2148 1611 2391 1672 ambages
2412 1606 2727 1657 Claudianus

1662 1705 1849 1741 novam
1882 1696 1939 1739 et
1977 1688 2201 1738 noudum
2232 1699 2391 1735 scens
2429 1682 2725 1732 traductam

1663 1767 1889 1817 fabulam
1912 1763 2181 1827 intelligit,
2204 1776 2357 1827 quam
2382 1760 2609 1811 recitent
2638 1758 2727 1809 isti

1665 1845 1721 1893 in
1742 1842 1962 1893 concilio
1996 1839 2193 1903 magnis
2230 1837 2297 1887 de
2319 1836 2476 1888 rebus
2508 1833 2727 1899 agundis

1670 1924 1971 1970 convocato.
2003 1916 2155 1965 Idem.
2714 1950 2719 1955 .

1735 1999 1833 2044 ³66
1866 1996 2007 2043 Num:
2039 1992 2160 2039 alias
2201 2002 2438 2038 armorum
2468 1986 2731 2037 incumbere

1670 2064 1829 2130 curus]
1856 2068 1997 2117 Altus
2014 2080 2151 2115 curos
2184 2065 2305 2114 olim
2333 2062 2603 2127 legebam:
2640 2076 2733 2128 po-

1674 2150 1777 2195 test
1798 2149 1855 2194 et
1874 2144 2087 2207 vulgata
2106 2141 2253 2203 ferri,
2283 2145 2343 2191 ut
2364 2153 2621 2193 armorum
2642 2150 2732 2187 cu·
2778 2136 2785 2145 ’

1672 2234 1755 2270 ras
1778 2218 1915 2269 curis
1930 2218 2147 2267 scenicis
2167 2222 2413 2281 opponat.
2444 2215 2515 2265 D.
2539 2214 2713 2265 Heius.

1736 2299 1833 2345 36⁷
1869 2293 2038 2355 Cingi]
2070 2291 2322 2342 Militaria
2352 2291 2525 2341 omnia
2560 2290 2736 2341 munia

1670 2371 1831 2421 obire.
1864 2370 2043 2419 Barth.

1736 2450 1833 2495 368
1865 2443 2150 2507 Subsistere]
2180 2442 2292 2506 {Cui
2328 2444 2616 2493 innitantur
2659 2441 2735 2491 ni·

1670 2520 1857 2570 mirum
1893 2519 1997 2569 ills.
2033 2518 2305 2582 ApuleiuS,
2338 2518 2426 2567 lib.
2460 2518 2595 2567 111..‘
2617 2517 2735 2567 Nec

1670 2598 1769 2647 boc
1792 2596 1986 2645 factum
2023 2601 2175 2657 putes
2212 2594 2321 2643 nlla
2356 2592 2741 2652 benevolentia,

1672 2672 1762 2721 sed
1788 2678 1847 2723 ut
1869 2671 1919 2721 ei
1936 2668 2170 2719 redeunti
2188 2668 2391 2717 medela
2408 2666 2601 2717 salubri
2618 2680 2739 2729 pos.-

1674 2763 1780 2797 sem
1798 2743 2110 2796 subsistere!
2133 2745 2329 2793 Versus
2346 2742 2437 2806 qui
2452 2747 2741 2806 sequuntur

1674 2824 1836 2873 divini
1858 2829 2001 2883 sunt,
2020 2827 2080 2870 ut
2098 2825 2214 2869 tota
2248 2817 2577 2882 Antiquitate
2598 2818 2740 2867 illus-

1678 2900 1803 2950 trius
1826 2899 1892 2950 ad
1928 2896 2347 2949 similitudinibus
2383 2902 2439 2947 et
2474 2910 2743 2959 compara·
2834 2884 2840 2889 ’

1677 2976 1907 3025 tionibus
1954 2988 2035 3023 res
2076 2972 2413 3021 illustrandas
2456 2970 2542 3020 vix
2578 2972 2741 3023 ullum

1676 3052 1777 3102 fuit
1793 3052 2073 3115 ingenium.
2109 3052 2261 3099 Idem,

1742 3132 1839 3178 3⁷6
1874 3125 2151 3190 Extemplo]
2184 3127 2261 3175 Ex
2288 3124 2587 3189 improviso.
2639 3124 2745 3173 Mi-

1677 3219 1737 3253 ra
1774 3202 2032 3267 emphasis
2071 3200 2347 3252 verborum
2387 3206 2443 3249 et
2464 3212 2655 3261 rerum,
2674 3198 2743 3247 ad

1680 3281 2041 3331 declarandam
2102 3286 2159 3327 et
2214 3276 2607 3341 ostendendam⁴
2632 3290 2743 3326 rem

1678 3362 2010 3424 praesentem.
2043 3353 2192 3402 Idem.

1746 3434 1843 3479 877
1875 3427 1996 3489 Leo]
2065 3424 2285 3475 Poetice
2321 3426 2434 3477 haec
2477 3424 2631 3489 fingit
2674 3422 2741 3473 ad

1682 3504 1865 3567 dignos
1885 3499 2205 3563 Eutropisno
2239 3500 2544 3563 magistratu
2568 3492 2745 3552 minis·

1683 3586 1791 3629 tros
1819 3575 2119 3641 posteritati
2140 3575 2476 3625 exhibendos.
2542 3574 2679 3625 Nam
2712 3590 2745 3623 a

1683 3654 1853 3705 Gaine
1885 3653 2097 3701 missum
2130 3652 2265 3701 hunc
2302 3650 2579 3713 hominem,
2614 3650 2747 3700 licet

1682 3728 1977 3788 vecordem,
2008 3734 2065 3777 et
2100 3726 2271 3777 ventri
2295 3725 2549 3787 deditum,
2580 3722 2743 3775 offici-

1684 3822 1768 3855 um
1792 3821 1936 3855 suum
1974 3820 2077 3855 non
2111 3803 2244 3853 male
2287 3801 2747 3865 expediisseZosi-

1682 3898 1813 3945 mus,
1836 3882 2167 3945 deletumque
2189 3894 2309 3929 curu
2330 3879 2439 3927 suis
2460 3878 2747 3941 copiis-nou

1682 3958 1887 4020 ignavia
1910 3970 2020 4019 sua,
2062 3970 2161 4003 non
2197 3956 2391 4003 virtute
2434 3953 2621 4018 hostili,
2650 3955 2746 4005 sed

1685 4034 1803 4083 dolo
1838 4040 1894 4083 et
1933 4029 2149 4094 perfidia
2211 4030 2411 4091 GainiS,
2450 4030 2543 4094 qui
2576 4030 2747 4081 omma

1683 4109 1877 4173 ‚agebat
1916 4106 2013 4155 hoc
2048 4106 2157 4155 s’olo
2196 4120 2356 4170 scopo
2386 4113 2447 4156 ut
2480 4112 2747 4162 everteret

1684 4182 2009 4245 Eutropium.
2044 4180 2193 4231 Idem.
2572 4208 2575 4213 -
2606 4212 2613 4217 -
2730 4204 2739 4218 ν

1747 4262 1845 4307 380
1876 4256 2003 4307 Acer
2022 4255 2076 4305 in
2106 4256 2340 4320 absentes]
2385 4254 2653 4309 Thersites
2690 4261 2747 4306 et

1682 4336 1921 4387 Drances
1936 4331 2236 4387 Poetarum.
2270 4333 2449 4391 Idem„
2726 4352 2737 4367 .
