3167 4984
565 390 742 469 1482

571 558 874 607 Eunuchum
913 558 1075 607 solum
1111 560 1282 609 omnia
1316 561 1499 623 praelia
1534 561 1629 609 im·

567 633 732 696 plere,
773 641 987 685 vacante
1025 636 1194 697 opera‘
1217 642 1296 686 tot
1329 635 1629 685 fortissimo-

570 720 684 757 rum
703 716 759 758 et
781 710 970 758 ducum
993 716 1047 759 et
1066 712 1312 760 militnm?
1343 712 1519 761 Barth.

638 785 806 847 Miles]
841 784 1021 847 Pauci,
1041 800 1167 850 quos
1189 788 1381 837 amavit
1397 790 1560 848 Mars,
1577 788 1627 835 id

570 860 786 909 nominis
819 862 1084 909 consecuti
1107 868 1241 911 sunt.
1308 862 1436 911 Inde
1460 864 1631 925 Impe-

571 942 715 985 rator
746 936 834 984 ille
866 938 1233 985 commilitones
1259 937 1408 999 dixit,
1429 939 1549 1001 quia
1578 944 1633 987 et

572 1013 720 1061 miles
753 1014 929 1061 haberi
969 1014 1160 1074 volnit;
1209 1014 1358 1062 multi
1381 1017 1516 1063 enim
1541 1014 1665 1063 du-

573 1102 682 1149 ces,
719 1089 876 1150 pauci
909 1089 1115 1137 milites.
1187 1088 1337 1137 Hanc
1360 1102 1484 1137 sane
1523 1090 1636 1137 Rex

575 1163 628 1212 in
683 1165 892 1227 Europa
935 1166 1182 1213 maximus
1222 1166 1636 1228 appellationem

573 1252 677 1288 non
701 1242 952 1290 renuebat
969 1242 1106 1301 olim,
1131 1254 1230 1291 nec
1249 1243 1358 1291 sine
1381 1242 1636 1305 exemplo.

576 1316 768 1366 Exstat
790 1317 923 1365 enim
948 1326 1095 1366 vetus
1137 1319 1316 1367 Roniae
1353 1318 1639 1381 inscriptio,

576 1393 690 1442 Stil.
709 1394 773 1442 V.
805 1394 862 1442 C.
903 1401 958 1442 et
978 1395 1226 1457 inlustris,
1258 1395 1436 1443 militis
1457 1401 1514 1443 et
1534 1410 1637 1443 ma-

575 1471 725 1534 gistri
748 1471 1014 1533 nti-iusque
1039 1470 1251 1520 militiae.
1285 1471 1473 1518 Closer.

647 1548 835 1597 Tertius
854 1545 986 1594 urbis
1009 1542 1258 1609 Conditor]
1290 1549 1521 1595 Summus
1553 1547 1641 1595 ho-

579 1634 691 1683 nos,
719 1634 946 1670 summus
969 1622 1168 1682 titulus,
1188 1622 1478 1683 adscriptus
1501 1622 1640 1684 apud

579 1696 779 1745 Urbem
827 1698 1038 1744 Romam
1095 1697 1274 1757 paucis
1321 1698 1544 1757 omnino,
1587 1704 1644 1747 et

579 1772 796 1825 Camillo
833 1775 1112 1837 praecipue,
1151 1781 1209 1824 ut
1239 1790 1393 1839 supra
1432 1776 1651 1837 dictum..

578 1852 691 1900 Isto
733 1856 903 1899 autem
929 1864 1040 1898 aevo
1073 1852 1322 1899 Barbaris
1353 1859 1410 1901 et
1444 1853 1643 1902 Groecis

582 1926 1091 1990 Hellesponticisque
1115 1927 1494 1977 adulationibus
1517 1930 1646 1992 pris·

584 2016 698 2053 cam
716 2002 1420 2066 disciplinamfrangentibus,
1437 2018 1535 2053 non
1558 2004 1645 2053 ad-

581 2094 645 2127 eo
667 2078 771 2128 alte
794 2079 944 2140 situs,
969 2079 1091 2142 quin
1134 2080 1250 2141 capi
1291 2080 1645 2142 potuerit-non

583 2155 784 2218 paucis,
835 2154 1078 2203 Dabatur
1101 2162 1273 2203 autem
1293 2156 1646 2203 instauratori-

585 2230 680 2278 bus
700 2231 800 2279 iste
821 2230 981 2280 honos
1015 2231 1168 2279 etiam
1191 2229 1255 2278 ab
1280 2231 1392 2279 aliis
1413 2228 1645 2279 urbibus.

586 2304 768 2355 Barth.

649 2385 712 2429 83
747 2381 933 2444 Byzas]
967 2383 1113 2430 Unus
1133 2398 1164 2431 e
1186 2382 1514 2433 nobilissimis
1540 2384 1647 2432 He-

585 2456 761 2507 roibus
784 2458 941 2521 prisci
965 2460 1082 2519 aevi,
1118 2459 1370 2509 Conditor
1395 2460 1650 2523 Byzantii,

579 2534 699 2582 cum
737 2534 851 2597 ejus
889 2535 1068 2597 oppidi
1109 2536 1260 2598 Ligos
1303 2544 1424 2586 ante
1462 2550 1647 2585 nomen

585 2606 736 2657 foret.
771 2608 918 2658 Idem.

653 2688 716 2733 84
743 2685 1012 2733 Producere
1028 2699 1177 2733 coenas
1197 2686 1258 2734 In
1279 2687 1448 2750 lucem]
1483 2688 1652 2735 Luxu·
1650 2708 1657 2715 ·

587 2761 667 2809 ria
690 2761 878 2823 prisca,
919 2768 972 2808 et
1012 2761 1245 2809 omnibus
1282 2762 1465 2810 seculis
1488 2763 1651 2810 conti-

585 2841 766 2885 nuata.
831 2836 918 2885 Sic
940 2836 1138 2885 Acerra
1173 2838 1312 2899 apud
1335 2838 1652 2900 Martialem,

587 2912 624 2961 l.
643 2926 683 2959 1.
708 2912 886 2975 Epigr.
910 2916 988 2961 85.
1023 2913 1036 2938 ‘
1062 2912 1325 2962 Hesterno
1343 2912 1528 2962 foetere
1551 2928 1654 2961 me-

589 3002 648 3037 ro
689 2988 774 3051 qui
814 2988 983 3037 credit
1022 2988 1270 3038 Acerram
1313 2991 1652 3050 Fallitur;·in

589 3064 757 3112 lucem
782 3078 987 3126 semper
1010 3066 1212 3113 Acerra
1231 3065 1402 3115 bibit!
1435 3066 1585 3113 Idem.
1648 3084 1655 3091 ·

654 3142 716 3187 85
760 3139 937 3188 Foelere
962 3139 1110 3203 mero]
1144 3142 1422 3192 Hesterno.

603 3230 610 3237 ·
655 3216 882 3265 Phaniam
907 3219 1156 3281 Emturas]
1203 3218 1453 3269 Favorem
1477 3222 1655 3283 vulga-

591 3306 717 3354 rem,
751 3307 902 3355 quem
937 3292 1034 3342 hoc
1073 3294 1227 3357 pacto
1258 3310 1515 3360 nunquam
1551 3312 1656 3345 ani-

590 3366 743 3415 biisse
754 3366 983 3415 Heroe'm
998 3378 1142 3415 suum
1157 3369 1492 3418 Stilichonem
1507 3370 1658 3419 Clau·

592 3441 776 3491 dianus
798 3443 918 3490 alibi
944 3445 1131 3505 saepius
1156 3450 1392 3493 testatur.
1428 3446 1607 3493 Barth.

651 3520 717 3564 87
737 3518 898 3564 Alieni
915 3519 1146 3578 prodigus
1161 3519 1291 3580 αυτ-ἰ]
1313 3518 1501 3567 Servus
1521 3520 1656 3566 enim

591 3592 719 3641 nihil
743 3593 846 3640 tale
872 3601 1080 3654 poterat
1103 3593 1383 3655 possidere,
1406 3601 1462 3641 et
1497 3594 1658 3642 invol-

593 3674 743 3717 verat
780 3669 1124 3717 hereditatem
1165 3667 1357 3730 Rufini,
1393 3669 1458 3718 ad
1491 3664 1655 3732 ipsum

595 3744 720 3793 nihil
743 3745 1106 3808 pertinentem.
1140 3745 1287 3794 Idem.

609 3828 612 3835 '
661 3824 725 3869 88
759 3822 829 3868 At
850 3835 981 3867 soror
1000 3825 1044 3867 et
1068 3820 1210 3883 uxor]
1235 3820 1349 3870 Una
1372 3822 1659 3886 eademque

594 3896 792 3945 mulier.
857 3896 1084 3943 Uxorem
1118 3902 1311 3957 autem,
1334 3904 1425 3945 aut
1462 3912 1553 3960 pro
1576 3912 1658 3958 ea,

596 3986 710 4021 eam
727 3970 906 4019 habuit
928 3972 1222 4031 Eunuchus,
1242 3974 1325 4020 vel
1344 3972 1409 4021 ad
1429 3973 1665 4022 dissitum·
1692 3988 1697 3995 ·

595 4048 801 4096 landum
821 4060 965 4094 snam
991 4045 1369 4109 infelicitatem,
1399 4049 1480 4096 vel
1515 4057 1570 4097 et
1595 4051 1659 4098 ob

595 4122 861 4172 libidinem
903 4122 1164 4169 Eunucbis
1201 4120 1528 4183 familiarem,
1572 4126 1661 4187 qui

595 4197 922 4246 intentissimi
949 4197 1189 4244 dicuntur
1212 4206 1463 4247 amatores
1486 4200 1663 4248 mulie-

598 4284 733 4333 rum,
755 4272 884 4320 adeo
907 4279 965 4319 ut
987 4271 1056 4318 in·
1074 4272 1235 4319 sacris
1274 4272 1434 4321 etiam
1471 4274 1663 4323 litteris

599 4360 851 4402 nmmum
869 4347 960 4397 sed
983 4360 1181 4397 cassum
1197 4346 1509 4399 desiderium
1527 4364 1665 4403 com-

935 416 1150 468 NOTA-3
1197 412 1597 469 vAmoRUM
1646 417 1725 468 IN
1774 420 1887 468 01„
1930 418 2211 473 GLAUD.
2260 422 2397 473 XX.

1705 569 1919 624 paretur
1956 564 2179 626 spadoni
2218 566 2471 629 virginem
2508 564 2765 630 complec-

1706 639 1855 688 tenti.
1922 641 1990 687 Et
2014 640 2268 689 Martialis
2286 650 2514 691 scortum
2538 656 2631 691 suo
2652 656 2765 693 oevo

1706 715 1877 763 nobile
1917 718 2188 765 Eunuchos
2224 719 2427 779 aluisse,
2448 718 2629 783 quibus
2664 727 2769 768 tur-

1708 790 1795 852 pia
1816 800 2090 841 exerceret
2110 793 2221 841 sine
2244 800 2382 842 metu
2406 802 2584 857 partus
2606 806 2769 843 asser·

1710 872 1806 915 tat.
1847 866 1994 916 Idem.

1772 946 1839 991 9⁰
1869 944 2013 1006 Vota]
2052 944 2290 993 Honores
2308 940 2528 995 votivos.
2567 947 2650 995 Ex
2670 950 2781 995 usu·-

1709 1021 1887 1067 seculi.
1923 1021 2071 1068 [dem.
2618 1044 2625 1051 ·
2770 1043 2777 1053 ⁸

1724 1099 1835 1142 91
1872 1094 2066 1143 Summa
2087 1098 2145 1144 de
2166 1095 2239 1159 re]
2290 1097 2441 1145 Statu
2479 1096 2693 1160 Imperii
2714 1102 2772 1145 et

1712 1158 2049 1233 Reipublicae.
2098 1172 2390 1235 Virgil.x1.
2421 1174 2603 1222 ‘Ante
2632 1173 2775 1237 equi·

1712 1244 1829 1293 dem
1854 1248 2050 1293 sumina
2082 1246 2161 1295 de
2188 1262 2245 1296 re
2281 1248 2543 1310 statuisse,
2583 1248 2781 1310 Latini,-

1714 1323 1783 1369 Et
1812 1324 2023 1382 vellem,·
2038 1328 2092 1371 et
2114 1322 2287 1371 fuerat
2308 1324 2531 1373 melius!
2567 1324 2716 1371 Idem.

1777 1402 1842 1446 92
1876 1398 2011 1447 Huic
2027 1412 2165 1447 curas
2199 1404 2247 1447 ee
2268 1400 2425 1447 clausa
2441 1400 2623 1461 palatia
2646 1412 2777 1446 mon·

1712 1473 1820 1535 dat]
1855 1472 1987 1521 Huic
2022 1487 2155 1521 cerus
2176 1487 2270 1535 pro
2309 1474 2513 1522 diversa
2549 1474 2776 1523 lectione

1711 1550 1905 1611 primus
1931 1546 2240 1598 Vaticanus.
2280 1551 2349 1599 D.
2376 1550 2549 1599 Heius.

1779 1629 1841 1673 93
1881 1627 1981 1673 Ceu
2014 1625 2247 1674 stabulum
2267 1641 2547 1690 vacuamque
2568 1618 2783 1688 domum]

1724 1701 2010 1763 Viduaque
2053 1700 2224 1749 Delrii
2262 1700 2430 1749 codex
2476 1708 2534 1749 et
2578 1716 2669 1749 sex
2712 1713 2781 1749 ex

1716 1778 1923 1827 nostris.
1958 1778 2113 1827 Ovid.
2148 1778 2247 1840 Ep.
2284 1778 2581 1826 Deianirae:
2616 1779 2631 1805 ‘
2654 1776 2781 1839 Ipsa

1718 1853 1869 1903 domo
1914 1855 2069 1901 vidua
2117 1855 2251 1903 votis
2304 1860 2522 1916 operata
2578 1852 2782 1916 pudicis

1716 1929 2014 1994 Torqueor!
2045 1930 2260 1990 Statius,
2282 1928 2467 1977 Achill.
2488 1942 2551 1977 11.
2584 1928 2599 1955 ‘
2620 1927 2783 1976 dilec-

1720 2012 1772 2054 ta
1795 2006 1859 2053 ad
1886 2006 2069 2054 moenia
2092 2006 2261 2053 vultus
2288 2004 2531 2052 Declinat
2554 2003 2784 2052 viduam-

1722 2096 1819 2145 que
1838 2080 2078 2131 domutn!
2112 2080 2267 2142 Apud
2286 2080 2559 2143 Virgilium
2583 2086 2781 2128 tamen:

1720 2156 1735 2183 ‘
1760 2155 1880 2204 Sola
1900 2156 2049 2203 domo
2072 2162 2256 2206 moeret
2284 2168 2469 2216 vacua,
2504 2154 2783 2219 stratisque

1720 2231 1911 2279 relictis
1935 2231 2194 2279 Incubet?
2230 2232 2380 2279 Idem.

1786 2308 1969 2367 Magna
2004 2302 2129 2356 tices-i
2168 2306 2337 2367 Regna
2372 2304 2515 2366 nihil]
2548 2305 2787 2368 vanitas,

1720 2382 1813 2442 ait,
1857 2382 1909 2429 in
1952 2380 2231 2429 ambitione
2262 2380 2420 2429 etiam
2470 2394 2784 2429 summorum

1722 2458 2063 2520 Imperiorum
2100 2462 2198 2520 est,
2234 2473 2349 2522 quie
2392 2458 2535 2507 nullo
2573 2459 2785 2522 negotio

1723 2534 1880 2581 etiam
1920 2548 1949 2582 a
1987 2532 2245 2581 vilissimis
2279 2530 2565 2583 hominibus
2598 2536 2787 2597 guber

1723 2616 1933 2660 nantur.
1965 2610 2139 2658 Barth.
2498 2642 2503 2647 -

1788 2689 1851 2734 9⁷
1886 2686 2088 2747 Jamque
2125 2685 2221 2734 iter
2256 2686 2309 2733 in
2338 2686 2523 2746 grentio
2548 2687 2701 2750 pacis]
2739 2686 2787 2734 E

1721 2761 1907 2821 granio
1944 2760 2092 2822 prim.
2115 2760 2433 2808 Vaticanus:
2458 2761 2615 2809 etiam
2638 2758 2788 2811 Oise-

1726 2836 1893 2884 lianus
1912 2850 1942 2884 a
1966 2850 2117 2884 manu
2141 2837 2323 2899 prima.
2362 2838 2443 2885 De
2457 2837 2639 2897 gremio
2656 2836 2794 2899 pacis

1728 2914 1846 2962 vide
1870 2914 1967 2963 hoc
1992 2916 2107 2962 loco
2125 2914 2411 2962 Barthium.
2455 2915 2525 2961 D.
2553 2913 2721 2963 Heius.

1793 2989 1897 3037 Iter
1918 2991 1969 3037 in
1986 2989 2171 3059 gremio
2188 2989 2343 3053 pacis]
2392 2988 2659 3037 Altissima
2678 2989 2791 3053 qui·

1728 3072 1831 3115 ete.
1920 3067 2057 3114 Nam
2110 3079 2205 3127 pro
2250 3069 2426 3113 secreta
2462 3063 2792 3126 profunditate

1730 3143 1980 3205 gremium
1997 3144 2180 3191 dicunt
2201 3143 2495 3203 scriptores.
2530 3142 2707 3191 Barth.

1782 3212 1859 3265 ‘98
1889 3219 2103 3281 Ancyra]
2151 3216 2290 3264 Urbs
2339 3216 2793 3279 Constantinopoli

1731 3299 1929 3340 remota
1978 3292 2137 3339 millia
2182 3305 2419 3353 passuum
2466 3303 2704 3340 ccnxxx.
2739 3297 2793 3341 et

1729 3369 1863 3430 qnod
1888 3369 2137 3415 excurrit.
2193 3366 2271 3412 Eo
2295 3366 2569 3415 traducere
2594 3367 2793 3417 solenni

1730 3443 1915 3490 itinere
1933 3454 2170 3503 pompam
2190 3454 2330 3488 suam
2351 3442 2557 3490 solitum
2580 3442 2793 3491 ineunte

1730 3532 1874 3579 vere,
1898 3526 1959 3567 ut
1996 3518 2199 3566 scilicet
2234 3530 2351 3565 sese
2381 3532 2619 3581 magnum
2656 3517 2794 3567 face·

1730 3600 1829 3653 ret,
1852 3593 2037 3641 scribit
2058 3600 2251 3642 noster.
2288 3596 2438 3643 Idem.

1794 3672 1861 3717 99
1914 3667 2113 3730 Pelagi]
2168 3669 2231 3717 In
2276 3670 2425 3732 cujus
2474 3671 2647 3733 capite
2692 3671 2795 3719 sita

1732 3744 2219 3808 Constantinopolis.
2254 3745 2404 3793 Idem.

1798 3825 1891 3871 1⁰0
1908 3822 2206 3870 Discat-sibus
2218 3821 2381 3883 θείω]
2404 3822 2521 3870 Non
2535 3826 2655 3870 oetoes
2672 3834 2797 3870 vere

1733 3897 1911 3960 scripti
1934 3898 2201 3946 meliores:
2256 3898 2497 3960 sequenti
2522 3910 2673 3945 versu
2700 3910 2797 3958 pro
2890 3900 2899 3909 “

1731 3974 1868 4021 &iude
1890 3972 2045 4020 iidem
2067 3974 2211 4020 mole.-
2244 3974 2501 4035 quomodo
2519 3972 2797 4036 legendum

1735 4048 1786 4095 in
1812 4046 2273 4095 Observationibus
2300 4048 2412 4109 jam
2443 4049 2641 4096 monuit
2662 4048 2799 4097 Gro-

1735 4124 1927 4172 novius.
1977 4123 2087 4170 Val.
2126 4124 2361 4184 Flaccus,
2398 4125 2432 4173 l.
2472 4138 2523 4171 ν.
2556 4126 2571 4151 ⁶
2594 4123 2797 4185 Cernis,

1736 4202 1829 4261 ait,
1851 4200 2085 4261 Colchos,
2120 4214 2300 4263 magna
2322 4214 2449 4264 quos
2488 4202 2625 4249 mole
2648 4208 2797 4263 peta-

1736 4275 1887 4323 mus?
1943 4277 2078 4323 Stat.
2122 4277 2291 4325 Theb.
2332 4290 2435 4326 vn.
2486 4279 2503 4305 ‘
2544 4276 2799 4327 Librabat

1734 4364 1923 4417 magna
1962 4358 2232 4402 venturam
2272 4352 2409 4401 mele
2460 4350 2797 4419 cupressum.⁸
