3167 4984
504 335 676 405 1420

563 492 790 545 ananius
826 499 945 556 que·
984 491 1387 556 pmice-India
1426 489 1565 552 oeus]

502 568 693 626 aalma
735 567 867 622 dicit,
905 567 1153 630 Judaica,
1196 567 1377 632 quibus
1422 568 1566 628 mirae

506 644 687 696 formae
708 651 969 706 expressa&
994 644 1289 708 Indicorum
1312 649 1567 692 monstro-

506 730 639 784 rum.
715 721 815 770 Vel
852 726 907 769 et
951 720 1197 784 AEgyptia
1235 722 1435 783 tapetia
1476 721 1569 771 Ju-

504 795 662 848 da'ica
685 797 969 860 appellavit
1006 797 1335 856 Claudianus,
1371 803 1431 844 ut
1460 799 1569 844 easss

508 874 629 924 dem
654 875 859 937 species
884 881 1003 935 post
1026 873 1163 921 idem
1187 878 1367 922 auctor
1394 888 1427 922 a
1448 873 1571 922 Nilo

510 952 705 1014 petitas
748 949 943 1000 scribit.
1010 946 1361 998 Alexandrina
1398 956 1573 998 autem

508 1026 711 1090 tapetia
742 1026 987 1074 celebria.
1043 1025 1237 1076 Aula-,is
1270 1030 1441 1074 autem
1467 1024 1576 1072 tali-

512 1103 607 1152 bus
669 1101 917 1150 mirandae
976 1100 1177 1164 species
1230 1100 1577 1165 impingeban-

512 1184 626 1238 tur,
642 1176 779 1225 unde
802 1176 1002 1226 belluam
1026 1176 1243 1226 Plautus
1268 1176 1417 1225 dixit.
1442 1176 1572 1225 Bar·
1603 1166 1614 1178 '

514 1253 677 1378 ‘hg-8
712 1327 895 1378 Mixtis
931 1328 1129 1391 salibus]
1170 1330 1301 1380 Quae
1338 1329 1459 1377 hinc
1500 1343 1577 1378 se·

516 1411 743 1468 quuntur
764 1405 983 1453 Veneris
1004 1405 1161 1454 verba
1184 1411 1321 1467 sunt,
1339 1405 1581 1467 ambigue

518 1481 739 1544 prolata,
769 1487 830 1528 ut
868 1479 1141 1529 videantur
1176 1481 1489 1540 communia,
1526 1479 1600 1528 in.

516 1555 633 1605 sinu
672 1563 845 1604 autem
888 1569 1055 1604 meras
1102 1555 1339 1604 lascivias
1374 1562 1580 1619 gerunt,

516 1645 646 1696 quas
690 1631 859 1680 obiter
914 1631 1067 1680 modo
1120 1637 1409 1694 tangemus.
1494 1631 1580 1680 Sic

518 1721 645 1756 vero
686 1713 741 1756 et
776 1707 1001 1756 'levioris
1044 1706 1236 1768 ingenii
1296 1705 1583 1756 hominibus

519 1783 847 1845 displicuisse
889 1787 1063 1831 tamen
1096 1782 1331 1833 omnibns
1376 1784 1469 1832 hos
1509 1781 1585 1832 ait

520 1859 765 1924 Eutropii
786 1864 1021 1908 conatus.
1078 1858 1229 1909 Idem.
1508 1865 1513 1872 '

586 1939 684 1983 359
716 1934 777 1983 In
804 1933 1451 1997 pectoreJ·0bscoenisaime
1482 1933 1587 1986 die-

526 2017 655 2064 tum.
1242 2051 1247 2058 .

590 2085 846 2148 Magnum]
924 2087 1145 2140 Plautus
1199 2086 1419 2138 Casina.
1407 2101 1419 2113 ·
1477 2085 1493 2113 ‘
1516 2085 1592 2136 ita

524 2162 771 2227 quicquid
788 2169 901 2214 erat
920 2163 1115 2226 grande
1138 2161 1288 2213 erat.’
1345 2162 1525 2213 Barth.

590 2243 689 2289 360
726 2240 884 2302 Nova]
942 2239 1117 2288 Instar
1153 2237 1590 2288 libidinosissima-

526 2329 642 2366 rum
664 2314 949 2365 mulierum.

596 2390 841 2452 Grandia]
892 2391 1255 2456 Sesquipedal'r
1290 2405 1382 2440 suo
1441 2395 1596 2440 notus

528 2465 810 2518 Martialis.
867 2467 1046 2518 Barth.

596 2545 691 2590 ³62
730 2535 909 2604 Timet]
946 2543 1069 2594 Non
1092 2543 1245 2593 timet
1264 2543 1385 2607 quia
1408 2542 1571 2605 cupit.

600 2619 642 2667 A
667 2617 821 2680 tergo]
856 2616 1091 2667 Nefarie.

604 2693 847 2755 Undique]
872 2694 954 2742 Ne
972 2693 1095 2757 quid
1122 2695 1449 2757 inexpertum
1468 2693 1599 2744 frus-

535 2775 619 2818 tra
657 2768 935 2818 moriturus
969 2769 1243 2833 relinquat,
1264 2775 1322 2818 ut
1362 2768 1428 2817 de
1456 2769 1598 2832 peris

533 2842 901 2907 flagitiositatis
942 2845 1154 2894 muliere
1170 2844 1443 2894 vAusonius
1476 2845 1601 2895 scri-

541 2919 637 2972 bit.

606 2995 770 3058 Curis]
828 2996 1119 3047 Amoribus.
1184 2997 1509 3060 Propertius,
1541 2997 1602 3047 li-

538 3071 635 3124 bro
655 3085 741 3142 nr.
778 3072 794 3101 ‘
820 3074 1023 3124 Crescit
1054 3075 1191 3136 enim
1216 3073 1431 3124 adsidue
1456 3088 1604 3137 spec-

542 3147 700 3199 tando
738 3150 875 3199 Cura
914 3150 1159 3213 puellam,
1191 3151 1313 3214 Ipse
1356 3151 1605 3198 alimenta

536 3225 635 3279 sibi
659 3227 879 3278 maxima
901 3226 1103 3290 praebet
1124 3226 1317 3277 Amor!
1372 3228 1549 3279 Barth.

606 3306 703 3350 363
738 3302 909 3362 Patet]
942 3303 1328 3364 Turpissimum.

611 3380 813 3442 Facilis]
870 3379 953 3428 Ad
988 3381 1261 3430 scelestam
1305 3381 1606 3444 nequitiam.

544 3453 829 3504 Horatius}
857 3456 873 3482 ‘
895 3454 1175 3518 parabilem
1200 3470 1314 3504 amo
1332 3456 1608 3516 Venerem,

548 3527 901 3592 facilemque!
944 3561 953 3570 ·

546 3653 555 3668 ,
613 3603 822 3666 Movet-i]
848 3604 1017 3654 Etiam
1037 3605 1135 3653 hoc
1155 3606 1443 3658 scelestum.
1478 3605 1608 3654 Bar·-

544 3682 693 3732 thius.

552 3791 559 3798 ·
614 3761 713 3806 364
764 3756 1069 3807 mollissimus
1110 3758 1209 3821 ira]
1276 3759 1409 3808 Haec
1454 3758 1612 3808 dictio

550 3834 651 3884 etsi
690 3833 1015 3882 clementiam
1066 3833 1339 3897 designare
1384 3834 1613 3898 videtur,

550 3917 727 3960 tamen
766 3916 915 3957 aceto
962 3909 1127 3958 diluta
1164 3917 1278 3958 est:
1316 3909 1439 3973 quid
1479 3911 1614 3959 enim

552 3987 803 4036 Eunucho
827 3986 1024 4033 mollius
1044 3986 1062 4032 ἓ
1082 3985 1214 4035 Utut
1234 3985 1323 4048 sit,
1348 3987 1614 4048 imperium

551 4059 909 4112 inchoantibus
946 4060 1089 4109 utilis
1126 4067 1225 4120 est,
1257 4067 1316 4108 ut
1349 4061 1425 4109 ait
1445 4061 1616 4112 Tacit.

556 4136 843 4187 clementiae
862 4134 1034 4196 fama3
1070 4142 1226 4199 atque
1261 4135 1408 4183 initia
1432 4135 1618 4199 magis-

556 4217 801 4266 tratuum.
822 4209 931 4264 fere
962 4211 1192 4280 meliora,
1211 4210 1298 4264 sed
1330 4209 1447 4279 linis
1466 4212 1617 4263 incli-

814 350 1033 398 No'l'AE
1080 348 1503 398 VAmomJM.
1538 345 1616 396 {N
1663 345 1782 395 GL·
1829 344 2112 399 GLAUD.
2164 336 2417 393 xvul.‘

1643 495 1752 552 nat,
1777 492 1890 540 &cc
1933 487 2120 538 clover.
2152 497 2158 504 ‘
2465 499 2470 504 “
2611 501 2634 522 ·*

1711 571 1804 616 ³65
1843 567 1932 614 Nil
1973 565 2142 628 negat]
2216 564 2506 614 Martialis:
2563 562 2580 591 ‘
2605 561 2718 614 Ne?-

1645 657 1772 704 gare
1816 641 1969 706 jussi,
2031 655 2320 705 pernegare
2385 653 2489 690 nou
2542 640 2722 705 jussi!

1646 720 1830 768 Barth.

1711 801 1808 846 366
1829 795 2080 850 Quodlibet
2101 795 2312 858 ingenio]
2333 793 2574 850 Quidlibet
2595 803 2720 844 eum

1649 872 1902 940 nonnulli-s
1921 873 2131 934 scriptis
2149 871 2443 934 legendum.
2489 872 2596 920 Pro
2614 875 2728 924 tm..

1647 951 1808 1012 diique
1827 949 2104 1010 fruendum,
2143 948 2228 997 alii
2269 951 2509 1012 malitque
2551 960 2724 998 nocen-

1650 1029 1762 1076 dum
1808 1027 1888 1074 vel
1925 1025 2188 1084 nefandum.
2261 1026 2434 1073 Multa
2479 1026 2531 1073 in
2576 1025 2722 1074 hisce

1653 1103 1843 1152 salibus
1879 1109 2155 1164 corrupta:
2189 1101 2380 1162 iugenio
2413 1100 2585 1148 subicit
2613 1097 2725 1148 non

1651 1179 1832 1240 subigit
1871 1178 2020 1242 prim.
2067 1185 2123 1226 et
2157 1182 2284 1226 tert.
2316 1176 2487 1226 Vatic.
2529 1174 2724 1240 aliique

1655 1256 1825 1304 multi.
1869 1255 1940 1302 D.
1963 1253 2140 1302 Heius.

1723 1331 1918 1394 Trium]
1951 1331 2098 1379 Dare
2133 1329 2274 1378 inter
2311 1327 2533 1378 Veneris
2573 1343 2729 1378 voca-

1659 1408 1799 1458 buln.

1721 1481 2015 1544 Fmendum]
2071 1481 2206 1530 Haec
2261 1495 2362 1529 vox
2405 1481 2472 1529 ad
2516 1477 2728 1529 Amoris

1657 1557 1904 1607 effectum
1941 1557 2192 1620 pertinet,
2229 1573 2330 1622 quo
2354 1555 2457 1604 frui
2489 1557 2729 1617 aetatula,

1657 1632 1762 1682 frui
1787 1633 2034 1696 temporis
2057 1632 2134 1681 sui
2156 1633 2534 1696 jucundissima
2553 1638 2733 1695 par-te,

1659 1707 2023 1772 opinabantur.
2077 1707 2387 1756 Petronius:
2435 1709 2450 1735 ‘
2479 1705 2729 1770 fruorque

1660 1785 1793 1833 votis
1833 1785 2011 1848 Usque
2059 1783 2124 1831 ad
2163 1783 2405 1832 invidiam
2449 1780 2730 1832 felicibus!

1661 1861 1845 1912 Barth.

1727 1941 1821 1986 367
1861 1936 2100 1998 Quicquid
2119 1951 2266 1999 amas,
2286 1935 2420 1984 dabit
2439 1935 2524 1984 illa
2543 1931 2732 1996 manus]

1665 2011 1824 2062 Dabit
1844 2011 1924 2060 ille
1939 2026 2106 2060 munus
2129 2019 2314 2074 argute
2333 2017 2390 2060 et
2408 2025 2526 2060 vere
2549 2017 2734 2060 noster

1663 2087 1988 2137 Gronovius.
2024 2088 2098 2138 sic
2131 2087 2266 2150 apud
2297 2087 2560 2137 Valerium
2584 2087 2733 2135 Flac-

1665 2179 1802 2227 cum,
1833 2163 1924 2213 lib.
1963 2178 2004 2212 1.
2037 2179 2140 2212 nou
2173 2166 2326 2226 longe
2346 2165 2412 2212 ab
2435 2163 2734 2212 initio‘scri-

1666 2239 1922 2290 bendum:
1958 2241 1974 2268 ‘
1999 2239 2153 2289 Hauc
2173 2239 2297 2288 mihi
2319 2239 2554 2288 militiam
2585 2245 2734 2288 vete—

1669 2331 1782 2365 rum
1811 2329 1927 2379 quae
1963 2315 2228 2379 pulchrior
2247 2315 2398 2377 actis,
2417 2314 2622 2377 Annue,
2643 2315 2736 2364 da-

1666 2407 1772 2456 que
1793 2405 1998 2440 manum
2017 2391 2049 2440 :'
2081 2406 2196 2441 cum
2221 2393 2368 2454 daque
2389 2393 2594 2440 animum
2617 2403 2736 2454 per-

1671 2482 1850 2532 peram
1896 2481 2032 2516 nunc
2084 2468 2305 2531 legatur.
2392 2468 2558 2516 Paulo
2611 2471 2739 2530 post

1669 2544 1978 2606 meritumque
2021 2543 2230 2593 laborum
2263 2543 2470 2593 videtur
2507 2543 2740 2592 scriben-

1670 2618 1815 2680 dum,
1836 2633 1938 2668 non
1972 2620 2258 2683 meritoquex
2293 2620 2488 2683 accipit
2527 2619 2738 2668 trabeas

1671 2695 1914 2744 meritum
1936 2697 2185 2746 laborum.
2241 2696 2311 2746 D.
2337 2696 2509 2746 Heius.

1740 2771 1939 2834 Manus]
1977 2773 2114 2822 Haec
2154 2787 2356 2838 quoque
2397 2787 2499 2822 ⁵vox
2537 2772 2740 2884 isthmos·

1677 2846 1801 2910 quid
1823 2848 2052 2898 denotat.
2086 2849 2264 2898 Barth.
2729 2885 2738 2894 .

1741 2927 1839 2971 368
1875 2925 2062 2990 Officio]
2097 2925 2216 2975 Hoc
2238 2939 2442 2990 quoque
2467 2931 2639 2986 turpe.

1745 2998 2046 3063 Gaudetque]
2079 2999 2288 3048 Gaudia
2319 3006 2441 3048 sunt
2473 3013 2588 3062 quae
2623 3013 2745 3062 pro-

1679 3073 1826 3137 pinat
1845 3073 2008 3124 Amor
2030 3073 2239 3124 effectu.
2290 3075 2556 3137 Horatius,
2589 3075 2624 3122 l.
2655 3088 2743 3125 ιιι.

1682 3149 1786 3200 Od.
1809 3155 1857 3200 6.
1894 3153 1910 3180 ‘
1930 3165 2025 3200 nec
2063 3152 2210 3216 eligit
2241 3153 2336 3201 Cui
2377 3152 2534 3200 donet
2561 3151 2747 3214 imper-

1680 3227 1831 3276 missa
1854 3229 2038 3290 raptim
2057 3227 2297 3277 Gaudia!

1747 3307 1844 3354 369
1879 3303 1986 3352 Hoc
2005 3316 2179 3364 quoque
2199 3300 2429 3362 consitiis]
2462 3302 2526 3350 V.
2551 3301 2629 3350 cl.
2654 3299 2749 3350 Al-

1684 3380 1862 3429 bertus
1885 3379 2148 3428 Rubenius
2181 3377 2378 3440 optime
2411 3378 2544 3428 vidit
2573 3391 2749 3426 emen-

1685 3455 1909 3504 dandum
1953 3453 2175 3515 conciliis,
2205 3469 2321 3517 quae
2353 3454 2590 3517 ambigua
2625 3467 2749 3516 vox,

1685 3536 1746 3580 ut
1775 3530 2080 3578 lenocinium
2113 3530 2186 3578 illi
2208 3530 2439 3593 objiciat.
2495 3529 2754 3580 Concilia-

1687 3612 1828 3670 tores
1867 3606 2004 3654 enim
2043 3606 2198 3655 iidem
2244 3605 2534 3654 lenonibus.
2603 3605 2754 3655 Glos-

1687 3699 1758 3734 sae
1792 3678 2060 3748 Stephani,
2091 3685 2380 3747 conciliator,
2407 3689 2550 3745 συμβι
2711 3703 2751 3736 s.

1693 3761 1886 3810 Noster
1904 3759 2042 3810 infra
2061 3777 2074 3808 ε
2111 3763 2126 3789 ‘
2145 3762 2218 3810 Te
2242 3761 2418 3823 magis,
2437 3763 2501 3809 ah
2519 3761 2753 3823 demens,

1687 3844 1920 3904 veterem
1941 3837 1984 3885 si
2011 3836 2221 3900 respicis
2243 3842 2428 3897 artem,
2457 3835 2752 3895 conciliare

1693 3913 1882 3962 decet!
1929 3913 2182 3962 Ovidius:
2219 3913 2234 3940 ‘
2259 3912 2376 3960 Non
2411 3927 2495 3960 me
2533 3911 2755 3974 nupsisti

1691 3987 2002 4036 conciliante
2039 3986 2182 4036 seni!
2231 3987 2346 4036 Lib.
2369 4001 2408 4036 1.
2431 3989 2561 4036 Met.
2593 3991 2610 4016 ⁴
2633 3987 2754 4038 Hoc

1691 4062 1814 4110 mihi
1834 4062 2106 4111 concilium
2141 4067 2312 4110 tecum
2349 4063 2544 4112 dixisse
2576 4077 2756 4112 mane-

1693 4137 1803 4186 bit!
1864 4137 1951 4188 Sic
1990 4137 2378 4200 corrigendum:
2414 4154 2532 4189 nam
2566 4137 2752 4203 scripti

1687 4212 1951 4268 consilium.
1982 4213 2154 4277 Vulgo
2175 4214 2464 4280 conoquium.
