3167 4984
1056 433 1063 439 -
1128 409 1246 458 ο-ι..
1284 409 1749 462 emunim-n.
1927 377 1932 384 ⁶
2343 459 2350 466 .
2379 396 2554 470 1361

400 563 659 631 flenter.
686 553 750 616 d.
775 563 879 618 30.
906 557 1056 617 Dee.
1096 563 1269 626 1705.
1296 557 1556 618 defensa.
1643 559 1756 620 Cui
1797 577 1890 638 sq.
1937 579 2096 622 anno
2135 583 2324 626 novus
2353 565 2557 628 tituius

424 650 709 728 praefixus
737 661 859 712 est:
909 652 1003 713 cl.
1034 653 1338 714 Claudiani
1380 654 1457 715 de
1501 669 1596 716 lv.
1639 657 2243 726 Consulatul‘lonorii
2271 665 2424 742 Aug.
2452 680 2558 744 pa·

426 748 738 826 negyricus
766 767 901 809 cum
932 751 1083 810 notis
1114 751 1387 812 brevibus
1437 752 1766 814 Rhetoricis
1813 765 1876 815 et
1917 755 2174 834 politicis
2199 760 2339 820 Joh.
2367 762 2551 842 Casp-

358 939 513 1008 1706
542 942 786 1019 Argent.
816 951 877 1002 4.
908 943 1344 1022 Epigrammata
1368 942 1590 1004 selecta
1621 967 1676 1006 c.
1698 965 1760 1006 n.
1788 947 1880 1006 Jo·
1909 946 2090 1024 Casp.
2123 948 2363 1010 Khunii.

354 1041 509 1104 1713
535 1036 787 1096 londini
806 1057 827 1099 z
870 1037 973 1098 fol.
1005 1040 1065 1098 in
1090 1039 1441 1100 collectione
1480 1059 1628 1120 opp.
1663 1051 1724 1101 et
1769 1041 2081 1120 fragment.
2111 1053 2290 1104 veter.
2317 1045 2552 1110 Poetar.

425 1131 693 1194 Latinor.
722 1134 1033 1196 Profanor.
1056 1147 1120 1197 et
1134 1137 1604 1198 Ecclesiasticor.
1617 1157 1716 1216 ap.
1737 1139 1774 1200 J
1777 1158 1835 1197 o.
1853 1138 2206 1211 Nicholson,
2226 1137 2296 1202 Β.
2317 1140 2551 1217 Taoke,

414 1237 489 1288 «et
514 1231 571 1289 J.
602 1229 875 1291 Tonson.
902 1247 985 1291 11.
1016 1233 1134 1292 voi.
1162 1232 1375 1309 (edidit
1401 1233 1750 1306 Maittaire.)

350 1331 509 1393 1715
538 1321 705 1403 Lips.
740 1335 833 1388 12.
858 1347 920 1389 c.
948 1348 1009 1387 n.
1038 1327 1119 1390 ad
1146 1327 1389 1388 modum
1420 1328 1688 1400 Minellii,
1716 1347 1817 1407 ap.
1843 1326 2098 1389 Weidm.

345 1428 421 1488 17
424 1427 507 1492 29
530 1422 753 1481 Patavii
784 1432 879 1486 12.
900 1443 975 1484 ex
1000 1424 1360 1503 optimorum
1378 1423 1655 1484 codicum
1681 1422 1825 1484 fide.

352 1523 501 1586 1731
538 1517 793 1579 Medici.
820 1521 877 1580 in
903 1539 1155 1600 corpore
1178 1522 1349 1582 Post.
1378 1521 1509 1582 Lat.
1534 1539 1674 1582 cum
1718 1520 1920 1581 Italica
1967 1519 2234 1581 versione
2262 1522 2401 1582 Nic.
2440 1523 2551 1584 Be-

416 1615 679 1692 rengani.
706 1623 767 1674 4.
796 1617 909 1676 To.
938 1633 1041 1677 xr.
1060 1632 1195 1676 ιιι.
1225 1633 1391 1686 1111.

342 1713 507 1778 1784
527 1711 777 1772 Patavii.
810 1721 865 1774 8.
894 1713 993 1773 OE.
1022 1733 1159 1792 quae
1183 1723 1407 1786 extant,
1434 1712 1880 1775 Nic.-Heinsius
1909 1713 1988 1771 D.
2017 1711 2101 1775 ffl.
2128 1716 2446 1789 recensuit,
2475 1735 2550 1778 ao

336 1833 349 1842 -
426 1816 601 1868 notas
628 1808 879 1880 addidit,
912 1809 1130 1888 quibus
1168 1811 1469 1872 accedunt
1514 1810 1816 1871 variorum
1845 1811 2300 1886 Commentariig
2345 1811 2552 1875 addita

422 1912 563 1962 sant
586 1903 664 1963 ad
694 1905 918 1963 calcem
946 1912 1223 1984 poemata
1248 1905 1459 1966 incerti
1482 1907 1762 1967 auctoris.
1783 1921 1864 1968 11.
1893 1905 2063 1967 tomi.
2133 1927 2144 1936 ·

341 2019 393 2059 s.
420 2018 478 2060 a.
506 2008 565 2059 et
592 1999 693 2060 fol.
727 2001 787 2060 in
814 2002 1034 2062 Claud.
1065 2001 1386 2063 Hermann.
1412 2003 1724 2064 Buschius.
1755 2003 2037 2064 Coloniae.

344 2101 509 2165 1739
530 2096 625 2157 Cl.
654 2097 965 2157 Claudiani
992 2117 1128 2177 quae
1146 2103 1373 2170 extant,
1402 2099 1680 2160 varietate
1707 2099 1976 2159 lectionis
2015 2107 2078 2160 et
2112 2107 2401 2179 perpetua
2441 2119 2549 2162 an-

420 2193 727 2254 notatione
748 2193 1039 2256 iiiustrata
1064 2215 1101 2256 a
1128 2196 1226 2257 Jo.
1253 2197 1472 2257 Matth.
1498 2198 1793 2258 Gesnero.
1879 2195 2138 2256 Accedit
2163 2196 2349 2257 Index
2377 2197 2551 2258 uber·

417 2289 625 2350 rimus.
668 2291 830 2370 Lips.
860 2291 919 2350 in
946 2291 1050 2352 off.
1082 2293 1392 2354 Fritschia.
1425 2303 1482 2355 8.
1508 2293 1773 2353 Textum
1813 2292 2076 2370 sequitur
2099 2291 2308 2354 Heius.
2331 2303 2394 2354 et
2420 2296 2549 2374 qui-

420 2384 555 2448 den
584 2407 656 2447 ex
680 2387 865 2467 ipsius
907 2390 1181 2467 exemplo
1230 2389 1435 2469 prioris
1475 2386 1750 2446 editionis
1794 2385 1986 2464 (quod
2027 2386 2392 2448 emendatius
2434 2390 2548 2450 sub

416 2483 605 2546 oculis
634 2484 924 2543 Gronovii
948 2488 1278 2558 excusum),
1304 2484 1550 2546 mutatis
1578 2483 1762 2545 modo
1797 2483 1907 2542 iuis
1945 2482 2093 2543 locis
2139 2502 2290 2562 quos
2317 2484 2446 2563 ipse
2486 2485 2550 2545 in

423 2579 697 2640 secundis
726 2581 883 2640 curis
930 2582 1144 2642 mutari
1179 2581 1443 2660 jusserat
1488 2579 1788 2652 Heinsius,
1838 2589 1944 2640 aut
1989 2580 2049 2639 in
2093 2582 2309 2658 quibus
2337 2582 2416 2642 ab
2441 2581 2550 2643 illo

376 2667 385 2676 ’
422 2674 771 2736 discedendi
789 2676 987 2754 justas
1014 2698 1076 2737 se
1104 2697 1313 2738 causas
1343 2677 1558 2737 habere
1585 2683 1824 2756 pataret
1851 2674 1924 2735 V.
1949 2675 2034 2736 C.
2053 2695 2199 2754 quas
2217 2678 2549 2739 annotavit.

429 2771 592 2832 Inter
615 2781 840 2833 textum
868 2782 930 2832 et
954 2783 1124 2834 notas
1151 2773 1435 2853 (egregias
1462 2771 1703 2850 quidem
1729 2771 1858 2830 illas
1884 2779 1948 2830 et
1963 2771 2188 2843 doctas,
2209 2773 2365 2832 etad
2391 2773 2550 2836 bene

422 2867 865 2946 intelligendum
893 2875 1133 2947 po'e'tam
1160 2871 1557 2947 comparatas)
1582 2868 1991 2945 interpositam
2007 2867 2188 2928 habet
2203 2869 2551 2932 varietatem

418 2963 689 3024 lectionis
720 2963 1038 3037 meliorem,
1072 2964 1299 3026 insertis
1312 2963 1557 3042 judiciis
1582 2961 1824 3034 criticis,
1845 2959 2020 3023 etiam
2039 2963 2398 3041 conjecturis
2415 2966 2549 3043 qui—

420 3060 677 3120 busdam
698 3059 1083 3122 Criticorum.
1125 3059 1430 3120 Fra-,missa
1457 3066 1600 3118 sunt
1622 3057 2049 3135 Prolegomena
2071 3057 2316 3136 copiosa
2329 3067 2390 3118 et
2413 3079 2549 3119 eru-

423 3155 547 3216 dita
570 3157 647 3216 de
672 3156 847 3216 nibus
870 3154 1149 3215 omnibus
1189 3154 1273 3214 ad'
1310 3151 1702 3214 Claudianum
1741 3149 1958 3230 ipsum,
2007 3152 2136 3230 ejus
2175 3151 2455 3228 earmina,
2485 3163 2550 3216 et

330 3273 343 3282 ·
418 3249 708 3312 editiones
734 3250 1209 3330 pertinentibuss
1484 3249 1493 3258 ’

342 3343 505 3416 1760
551 3347 641 3408 cl.
689 3346 998 3408 Claudiani
1047 3347 1250 3424 Opera
1296 3365 1435 3425 qum.
1476 3353 1701 3418 extant,
1748 3344 1946 3405 omnia
1971 3344 2047 3408 ad
2075 3344 2548 3409 membranarum

418 3441 601 3502 fidem
644 3444 954 3520 castigata,
994 3463 1137 3503 cnm
1180 3442 1341 3508 notis
1392 3442 1636 3523 integris
1679 3441 1888 3516 Deir-ii,
1923 3441 2200 3516 Claverii,
2228 3442 2550 3518 Demsteri‚

421 3539 780 3600 auctioribus
796 3539 935 3598 Nic.
962 3538 1202 3611 Heinsii,
1230 3549 1294 3600 et
1316 3538 1553 3600 ineditis
1579 3540 1741 3600 Petr.
1770 3536 2110 3599 Burmanni.
2154 3537 2410 3599 Accedit
2435 3539 2550 3620 syl·

334 3653 345 3662 ‘
416 3635 555 3715 loge
580 3655 728 3696 varr.
758 3637 923 3696 lectt.
965 3655 1041 3693 ex
1076 3635 1299 3713 ingenti
1340 3653 1587 3695 numero
1616 3636 1770 3696 Mss.
1797 3653 1836 3693 a
1859 3633 2000 3694 Nic.
2027 3633 2274 3694 Heinsio
2301 3634 2549 3696 collato-

416 3749 550 3791 rum
576 3732 842 3810 digesta:
887 3729 1267 3808 subjungitur
1306 3729 1604 3790 Lactantii
1647 3727 1840 3808 elegia
1891 3728 1968 3788 de
2021 3727 2322 3801 Phoenice‚
2370 3729 2548 3809 vulgo

334 3845 372 3868 ·-
410 3827 745 3888 Claudiano
770 3827 1039 3908 ascripta,
1068 3845 1205 3888 cuni
1235 3826 1392 3887 curis
1418 3827 1692 3888 secundis
1739 3825 1880 3901 3Nie.
1932 3823 2157 3886 Heinsii
2207 3834 2272 3885 et
2313 3833 2543 3886 annott.

420 3923 584 3982 Petr.
619 3922 936 3984 Burmanni
982 3942 1105 3984 sec.
1158 3923 1353 3985 Amst.
1404 3935 1462 3983 4.
1520 3925 1682 3984 Petr.
1726 3921 2119 3993 BurmanuuS,
2149 3928 2238 3980 tot
2267 3919 2456 3997 poetis
2485 3928 2548 3979 et

414 4018 547 4080 aliis
574 4019 959 4096 scriptoribus
1005 4019 1179 4081 editis
1227 4022 1444 4092 clarus,
1490 4019 1670 4080 etiam
1709 4018 2099 4081 Claudianum
2139 4015 2314 4078 edere
2363 4012 2550 4074 voluit

418 4135 559 4176 cnm
582 4116 711 4176 suis
755 4123 822 4176 et
859 4115 1079 4175 Heinsii
1126 4127 1187 4177 et
1232 4125 1557 4177 ceterorum
1586 4115 1781 4175 notis:
1829 4121 2112 4194 quoante
2137 4105 2291 4188 opus
2311 4107 2546 4169 editum

420 4222 677 4284 mortno,
702 4231 830 4271 rem
860 4211 1191 4290 suscepite
1236 4211 1414 4272 fratre
1464 4227 1676 4291 nepos,
1705 4211 1812 4290 qui
1838 4220 1900 4271 et
1927 4211 2054 4290 ipse
2077 4205 2312 4267 addidit
2337 4207 2545 4278 multa,

478 4325 649 4392 υειριι.
664 4331 717 4376 α
746 4325 859 4378 ναι».
893 4325 1023 4379 σιω.
1395 4325 1567 4378 cuna.
2305 4321 2344 4366 ⁵
2371 4317 2418 4368 'r
