3167 4984
1050 355 1056 362 ⁶
1154 393 1271 442 on.
1316 391 1771 444 obsonum.
1895 409 1904 416 ·
2391 377 2566 450 1⁷5³

361 565 457 582 -·
487 532 881 594 Vindobonae.
909 543 969 594 4.
1052 533 1119 592 In
1150 531 1425 592 Rufinum
1454 532 1585 592 libri
1619 550 1698 592 11.
1781 533 1888 592 Est
1917 532 1978 592 in
2005 531 2158 596 Bibl.
2187 533 2480 616 Goetting.

362 667 451 678 --
485 632 851 708 Noribergae.
882 629 1103 692 40-de
1128 639 1299 706 raptu
1327 630 1718 708 Proserpinae,
1757 630 1856 690 ed·
1886 629 2224 701 Philomusi,
2255 651 2360 710 per
2402 632 2558 696 Frid.

448 729 637 806 Peyp.
1400 744 1407 750 ·

370 831 527 893 1519
564 823 827 884 Juntina.
856 831 912 886 8.
983 822 1095 882 Per
1121 822 1385 882 haeredes
1413 823 1670 902 Philippi
1688 825 1909 885 Juntae.
1941 823 2261 897 Florentiae,
2295 841 2557 888 Μυκη.

446 921 643 980 Leone
670 917 899 978 decimo
927 916 1235 978 Pontifice.
1318 920 1516 980 Habet
1544 921 1702 980 Bibl.
1733 921 2024 999 Goetting.
2107 923 2393 984 Praefatur
2417 925 2559 984 Ant.

448 1015 795 1075 Franciscus
837 1014 1201 1074 Varchiensis
1240 1015 1317 1074 ad
1351 1017 1553 1076 Franc.
1599 1017 1942 1095 Spinellum,
1983 1019 2436 1080 eruditissimum
2457 1020 2562 1097 ju-

444 1129 650 1172 venem
674 1118 797 1174 t--‘
818 1111 1169 1172 Florentiam
1195 1131 1457 1173 reversus
1498 1114 1696 1172 statim
1725 1114 2020 1174 Bernardo
2045 1115 2080 1174 J
2086 1124 2242 1176 untae
2279 1124 2563 1176 nostro—-

444 1206 1102 1286 persuadeo—collatis
1146 1227 1287 1285 ergo
1335 1210 1393 1267 in
1440 1229 1620 1268 unum
1649 1209 2064 1288 antiquissimis
2109 1212 2562 1289 exemplaribus,

372 1365 377 1372 ,
443 1321 585 1383 quae
625 1306 924 1382 potuimus
949 1306 1193 1366 vulnera
1235 1305 1562 1366 Claudiano
1593 1307 1939 1376 sanavimus,
1981 1306 2054 1367 ad
2086 1307 2200 1366 hoc
2227 1308 2350 1366 acri
2387 1306 2562 1368 Duxii

437 1401 673 1478 judicio
700 1401 809 1471 usi,
851 1399 1001 1460 adeo
1052 1409 1117 1461 ut
1162 1410 1527 1479 compertum
1576 1402 1848 1473 habeam,
1891 1412 1948 1460 te
1977 1421 2092 1461 non
2127 1403 2380 1487 amplius
2423 1420 2560 1464 eum
2672 1444 2676 1448 -

448 1496 739 1558 Claudum
796 1501 1317 1575 nuncupaturum.'
1396 1499 1533 1558 Non
1587 1514 1756 1557 usum
1808 1517 1938 1556 >esse
1982 1497 2222 1558 Juntam
2273 1499 2562 1560 Camerti}

378 1657 385 1664 ,
450 1593 725 1665 editione,
769 1604 1037 1672 apparet,
1077 1593 1239 1672 quod
1288 1613 1407 1654 non
1450 1593 1634 1654 habet
1660 1601 1918 1672 quatuor
1948 1593 2044 1652 illa
2071 1594 2330 1654 carmina
2355 1593 2559 1654 abillo

448 1688 701 1768 primum
724 1690 903 1749 edita.

372 1794 531 1848 1523
570 1785 801 1848 Aldina.
829 1795 891 1848 8.
919 1786 1015 1845 Cl.
1044 1785 1353 1846 Claudiani
1380 1785 1558 1863 opera
1586 1806 1763 1866 quam
1807 1786 2236 1864 diligentissime
2263 1786 2559 1864 castigata.

452 1883 522 1940 ln
552 1879 695 1941 fine:
730 1881 981 1965 venetiis
1008 1881 1068 1938 in
1097 1880 1323 1941 aedibus
1351 1880 1492 1942 Aldi
1512 1890 1573 1941 et
1601 1881 1847 1942 Andreae
1875 1879 2116 1940 Asulani
2136 1880 2344 1952 soceri,
2361 1899 2560 1942 mense

452 1978 672 2038 Martio
726 1993 1055 2038 unxxnl.
1157 1976 1447 2038 Praefatur
1504 1977 1706 2038 Frane.
1763 1978 2050 2038 Asulanus
2101 1976 2174 2036 ad
2229 1976 2431 2038 Nicol.
2485 1979 2560 2039 de

450 2074 653 2134 Guttis
696 2073 1118 2144 Florentinum,
1162 2073 1525 2152 Episcopum
1570 2074 1832 2134 Fir-ren:
1879 2082 1896 2106 ⁸
1927 2074 2062 2132 Non
2112 2073 2306 2133 >solum
2351 2075 2559 2145 multa,

452 2189 589 2248 quae
643 2189 915 2249 perverse
962 2168 1328 2246 legebantur,
1393 2169 1726 2229 curavimus
1781 2168 2176 2230 restituenda:
2224 2168 2322 2227 sed
2373 2176 2559 2229 totum

450 2269 626 2345 plane
654 2286 803 2344 opus
840 2266 1117 2326 diffusum
1146 2275 1320 2327 antea
1358 2265 1442 2325 ita
1466 2267 1896 2345 disposuimus:
1944 2275 2009 2326 ut
2043 2283 2332 2325 summam
2375 2266 2563 2343 possit

451 2364 777 2442 legentibus
798 2364 1234 2441 jucunditatem
1260 2363 1492 2422 afferre.
1576 2362 1712 2421 Huc
1749 2361 1923 2432 adde,
1969 2361 2130 2438 quod
2158 2362 2216 2418 in
2245 2360 2558 2421 Herculem

452 2480 687 2522 carmen
735 2479 853 2519 non
896 2460 1211 2538 inelegans,
1254 2458 1419 2518 etde
1466 2456 1684 2518 Sirenis
1723 2456 2090 2537 epigramma
2137 2475 2243 2516 nos
2269 2456 2444 2535 primi
2489 2475 2562 2516 ex

446 2557 781 2636 fragmento
822 2555 1083 2634 quodam
1112 2554 1505 2616 vetustissimo
1532 2556 1594 2615 in
1631 2553 1886 2616 medium
1917 2554 2286 2633 protulimus,
2329 2572 2438 2612 nec
2479 2561 2562 2612 ta-

450 2673 585 2713 men
613 2673 917 2733 negamus,
946 2654 1073 2714 haec
1101 2652 1295 2712 omnia
1322 2652 1559 2713 meliora
1586 2651 1933 2721 melioribus,
1947 2649 2378 2729 exemplaribus
2405 2648 2560 2710 effici

450 2755 663 2828 posse.’
743 2753 830 2810 Ex
879 2771 972 2821 eo,
1014 2750 1176 2828 quod
1202 2771 1239 2812 a
1263 2771 1325 2810 se
1351 2750 1607 2828 primum
1653 2769 1886 2810 carmen
1933 2749 1994 2806 in
2024 2748 2334 2809 Herculem
2377 2754 2438 2807 et
2481 2745 2560 2806 de

450 2847 749 2908 Sirenibus
780 2847 1131 2926 epigramma
1156 2846 1449 2925 prolatum
1476 2845 1577 2918 ait,
1621 2844 1938 2922 colligitur,
1957 2842 2076 2920 'ipsi
2099 2842 2389 2903 Camenis
2417 2840 2558 2902 edit.

450 2961 569 3004 non
596 2963 723 3004 esse
742 2944 941 3003 visam.

370 3073 453 3086 --
491 3041 717 3100 Veneta
743 3041 904 3118 Opp.
926 3049 985 3100 4.
1955 3071 1960 3078 ·

373 3143 531 3198 1530
573 3138 749 3197 Paris.
802 3145 858 3196 8.
915 3136 1005 3196 Cl.
1063 3134 1367 3196 Claudiani
1422 3131 1826 3201 Alexandrini,
1871 3136 2168 3206 quotquot
2205 3134 2406 3186 nostra
2447 3125 2560 3186 hac

448 3241 789 3311 tempestate
816 3240 1038 3301 extant,
1080 3229 1388 3308 Opuscula
1414 3247 1513 3308 ap.
1546 3227 1771 3287 Simon.
1800 3225 2145 3286 Colinoeum.
2225 3225 2318 3297 (In
2363 3221 2559 3284 Catal.

452 3329 607 3390 Bibl.
635 3329 995 3390 Sarrazianae
1016 3326 1201 3387 editio
1228 3341 1598 3401 summopere
1624 3329 1903 3381 accurata
1929 3318 2192 3392 dicitur.)

376 3431 533 3492 1534
574 3426 827 3485 Basileae.
880 3434 939 3485 8.
985 3424 1079 3484 cl.
1135 3417 1442 3482 Claudiani
1493 3425 1688 3496 poetae
1741 3414 2105 3475 celeberrimi
2161 3411 2380 3483 omnia,
2423 3432 2557 3491 quae

452 3521 689 3598 quidem
743 3530 966 3592 extant,
1007 3539 1190 3597 opera
1236 3517 1311 3578 ad
1363 3525 1624 3576 veterum
1679 3511 2092 3590 exemplarium
2149 3508 2327 3570 fidem
2375 3529 2557 3588 quam

448 3616 582 3677 fieri
605 3619 801 3696 potuit
820 3615 1279 3676 emendatissime
1305 3630 1542 3682 excusa,
1584 3609 1854 3670 versibus
1881 3607 2052 3666 etiam
2079 3603 2328 3683 aliquot,
2349 3624 2560 3666 eorun-

380 3780 389 3790 „
448 3711 587 3774 dem
618 3711 926 3782 beneficio,
972 3729 1150 3788 super
1179 3728 1377 3768 omues
1406 3707 1690 3766 hactenus
1720 3703 2002 3764 editiones
2029 3702 2270 3780 sparsim
2299 3701 2560 3782 locuple-

401 3845 407 3851 ·
454 3817 595 3877 tata,
636 3828 705 3867 ex
735 3809 849 3868 aed.
878 3809 974 3868 Jo.
1004 3803 1594 3866 Bebelii.—-Michael
1622 3799 1961 3877 Isingrinius
1993 3797 2268 3877 praefatus
2294 3807 2403 3868 est,
2433 3797 2556 3856 lau-

380 3961 391 3969 .
450 3903 709 3981 dataque
748 3903 1057 3964 Viennensi
1082 3900 1178 3961 ed.
1208 3903 1303 3961 Jo.
1333 3897 1642 3968 Camertis,
1685 3895 2116 3956 emendatorem
2144 3895 2331 3954 Mich.
2362 3891 2560 3950 Benti-

445 4018 613 4070 num,
658 3999 761 4076 qui
784 3999 1081 4078 exemplar
1104 4017 1139 4058 a
1166 3996 1453 4074 Capitone
1479 3993 1914 4072 suppeditatum
1943 3989 2284 4059 contulerat,
2307 3986 2556 4062 ejusque

450 4096 773 4156 Claudiano
819 4096 1111 4156 immortui
1158 4111 1555 4154 successorem
1599 4092 1696 4150 Jo.
1743 4089 2071 4148 Honterum
2125 4083 2261 4141 huic
2310 4080 2553 4140 editioni

450 4193 752 4272 praefuisse
800 4202 1103 4263 memorat.
1214 4190 1495 4252 Bentinus
1538 4188 1785 4248 Erasmo
1833 4201 1952 4244 non
2003 4179 2299 4248 laudatur.
2377 4177 2556 4242 Plura
