3167 4984
1049 366 1127 415 lu

467 526 534 573 6⁰
569 524 721 571 Ouum
746 521 970 580 ‚mun
1019 518 1322 581 Despidtar]
1379 516 1464 567 Ab

401 598 699 661 Epimethei
737 596 946 660 quidem
982 594 1179 655 sobole,
1209 594 1277 641 de
1317 595 1464 657 cnjus

399 672 752 736 imprudentia
789 669 926 719 infra
957 670 1052 718 hoc
1086 669 1233 717 libro.
1275 668 1466 719 Divina

400 756 522 798 sunt
541 750 655 797 baec
675 743 860 797 o'mnia.
895 746 1074 795 Barth.

463 830 528 873 64
567 825 658 872 Tot
707 822 869 885 sigua]
935 821 1114 884 Auget
1169 822 1460 884 perieulum

395 900 462 951 ad
473 900 808 949 indicandam
827 900 1036 947 Ducum
1057 897 1458 947 Arcadianorum

396 977 705 1025 socordiam.
775 974 968 1023 Omnia
989 974 1039 1023 in
1078 973 1278 1021 laudem
1317 974 1460 1023 Stili-

392 1052 590 1113 chonis,
619 1064 768 1115 quem
789 1050 1034 1097 adversus
1069 1062 1158 1096 eos
1194 1050 1371 1097 Duces
1405 1049 1459 1095 in

393 1126 668 1177 Orientem
701 1128 802 1175 iter
841 1124 1074 1173 molitum
1103 1124 1284 1173 scribit
1315 1123 1460 1173 Zosi-

393 1217 508 1251 mus
529 1219 543 1251 ε
567 1203 702 1267 quod
722 1200 765 1249 si
783 1198 1040 1249 conficere
1059 1197 1243 1248 fuisset
1255 1200 1458 1261 datum,

392 1278 532 1328 haud
558 1278 716 1327 dubio
761 1276 932 1325 omnia
971 1276 1168 1325 melius·
1189 1274 1456 1325 successis-

395 1362 530 1403 sent.
563 1355 714 1403 Idem.

459 1436 522 1479 65
562 1430 690 1477 Prole
709 1428 872 1491 sexus]
905 1428 1028 1477 Non
1059 1428 1172 1475 vult
1191 1426 1456 1477 nominare

393 1509 622 1559 dedecus
655 1510 812 1558 etiam
837 1506 1098 1557 virilitatis
1126 1505 1344 1565 amissae,
1363 1504 1456 1553 sed

391 1586 761 1635 inclamatione
780 1585 1010 1633 dolorem
1021 1582 1190 1645 sedat,
1211 1588 1269 1631 et
1283 1588 1456 1631 tamen

390 1662 658 1724 proponit.
695 1662 845 1709 Idem.

461 1741 525 1785 ⁵⁷
549 1736 914 1799 Hos-tantasque
946 1734 1082 1797 licet]
1147 1734 1304 1783 Hunc
1346 1748 1458 1783 ver·

390 1828 502 1863 sum
527 1815 771 1863 Barthius
791 1812 1069 1861 delendum
1087 1817 1300 1871 censet3
1331 1812 1454 1860 mibi

393 1892 546 1941 aliter
565 1890 791 1939 videtur.
834 1888 1105 1939 Constabit
1125 1887 1262 1937 enim
1283 1887 1456 1936 versui

391 1982 486 2017 sua
505 1966 785 2031 elegantia,
805 1966 846 2013 si
863 1980 954 2029 pro
977 1966 1102 2024 licet,
1125 1964 1261 2029 quod
1285 1963 1452 2014 miuus

391 2042 646 2093 concinne
689 2042 966 2105 repetitur,
1009 2042 1260 2104 corrigas,
1297 2042 1454 2091 simul.

389 2119 746 2180 Hominesque
761 2119 902 2167 simul
920 2119 1196 2179 sponderent
1229 2132 1454 2197 prospera

387 2194 528 2244 Divi.
563 2196 627 2242 D.
654 2195 836 2245 Heins.

452 2274 514 2319 61
553 2270 692 2319 Senis
711 2269 918 2331 infudi]
958 2268 1174 2317 Tiberii.
1208 2268 1386 2318 Bas-ts.

454 2350 521 2395 66
551 2347 754 2395 Advolat
771 2345 994 2407 genibus]
1029 2345 1162 2393 Vide
1181 2352 1452 2406 corruptos

375 2421 491 2485 jam
528 2427 638 2470 tum
681 2433 850 2469 mores
890 2421 942 2468 in
983 2416 1220 2469 Romano
1260 2419 1453 2469 bomini

381 2498 712 2548 abominabili
731 2496 1086 2546 submissione.
1126 2496 1276 2545 Idem.

452 2579 516 2623 67
549 2574 794 2637 Ambitus]
843 2573 941 2621 His
979 2572 1116 2621 enim
1162 2572 1344 2621 beatos
1391 2586 1448 2621 se

381 2648 501 2699 fieri
523 2650 828 2699 credebant.
859 2650 1011 2698 Idem.

447 2731 514 2776 68
547 2727 838 2777 Prasiorum
873 2728 1054 2790 legum]
1087 2726 1308 2776 Romani
1345 2742 1450 2776 ma·

384 2802 634 2865 gistratus
657 2810 858 2853 tutores
877 2803 1071 2866 legum.

451 2880 744 2943 Genitorque
755 2884 952 2928 uocatur
963 2878 1230 2942 Principis]
1247 2878 1448 2941 Utpote

379 2955 655 3005 Patritius.
683 2956 862 3003 Barth.

445 3036 513 3081 69
543 3030 726 3093 Regia]
760 3030 1026 3079 Familiam
1047 3029 1322 3079 donumve
1343 3028 1450 3081 Im·

387 3108 710 3171 peratoriam
732 3114 894 3157 totam
917 3106 1064 3156 dicit.
1095 3106 1250 3155 Idem.

451 3187 482 3232 7
486 3187 518 3231 0
547 3182 836 3246 Poste-itus,
855 3179 1086 3241 admitte]
1115 3178 1443 3230 Exclamatio

379 3259 438 3307 in
456 3272 514 3307 re
537 3258 682 3307 velut
703 3256 1011 3307 incredibili.

443 3336 753 3384 Monumentu
782 3329 1066 3393 Dedecoris]
1097 3330 1313 3388 Statuas,
1337 3326 1442 3377 effi-

377 3410 508 3474 gies,
527 3409 768 3473 picturae.
802 3408 978 3459 Barth.

447 3491 512 3536 ⁷1
536 3487 810 3546 Dedecoris,
825 3484 1078 3545 inustisque
1089 3445 1310 3543 geminat]
1330 3481 1442 3529 Mu-

375 3564 534 3627 rusque
568 3564 698 3611 alter
734 3560 882 3610 Leid.
935 3558 1145 3609 Deinde
1179 3558 1286 3608 aoec
1321 3556 1442 3605 nitet

373 3653 480 3689 non
500 3638 580 3685 >hie
595 3637 776 3699 scripti
797 3634 1046 3699 potiores.
1079 3632 1149 3683 D.
1171 3632 1342 3681 Heius.

443 3718 510 3763 74
543 3715 719 3773 Fulget
739 3710 900 3775 eques]
934 3711 1218 3771 Equestres
1237 3720 1442 3770 quoque

375 3796 582 3839 statuas
599 3786 916 3837 effoemiuato
951 3792 1110 3847 atque
1133 3782 1330 3831 evirato
1350 3781 1443 3831 ho-

377 3864 510 3914 mini
535 3864 684 3913 datas
705 3864 896 3913 multas
917 3860 1144 3923 intelligi
1165 3859 1282 3909 vult
1299 3876 1314 3907 z
1349 3859 1444 3909 eti·

376 3940 538 3989 amin
562 3941 720 3990 Curia
757 3946 1114 3989 consecratam
1145 3937 1441 3999 imaginem,

375 4020 594 4067 relatam
615 4017 822 4066 scilicet
859 4014 1130 4064 in-seriem
1163 4011 1442 4061 Trabeata-

374 4110 514 4156 rum,
533 4093 717 4158 quibus
739 4090 951 4141 familiae
969 4088 1267 4141 consulares
1289 4094 1444 4137 erant

373 4170 692 4233 conspicuae.
761 4166 1018 4217 Notaudae
1040 4172 1213 4215 autem
1245 4162 1442 4227 effigies

375 4246 519 4299 datie
557 4244 630 4293 fid
671 4243 906 4293 habitum
949 4242 1286 4305 magistratus
1339 4254 1442 4305 quo

375 4320 588 4373 functus
606 4319 808 4389 aliquis.
839 4318 1020 4371 Barth.

1183 365 1631 449 nummulum
1680 367 1827 415 Lus.
1874 367 1959 415 u.
2024 404 2031 410 .

2430 344 2603 419 uel

1606 512 1671 555 76
1718 508 1925 557 Candor
1960 506 2047 555 hoc
2084 521 2162 555 ore
2198 506 2433 571 laborant]
2480 508 2605 559 Non

1539 584 1641 633 liaec
1666 600 1751 633 oro
1784 585 1999 647 scripti:
2036 585 2185 647 prim.
2206 586 2379 634 Vatic.
2416 586 2607 635 Instan-

1537 676 1647 709 ναι-ε
1672 662 1753 709 vel
1773 662 2034 709 Inmtare:
2065 666 2123 708 ut
2139 660 2365 709 fortasse
2380 660 2607 711 scriben-

1537 735 1661 785 dum
1683 738 1781 795 sit;
1812 738 1997 785 cunctis
2032 738 2133 785 Iioec
2168 752 2253 786 oro
2282 737 2497 785 morant
2518 738 2603 787 Ia·

1535 815 1751 860 securare
1770 812 1877 861 viis.
1941 812 2069 861 Mox
2106 816 2211 859 tutu
2246 826 2338 873 pro
2356 826 2479 873 pura
2498 811 2605 861 Pa·

1539 892 1643 935 tar.
1668 888 1883 949 pulchra
1914 902 2043 936 unus
2086 888 2228 935 Med.
2270 896 2325 935 et
2360 886 2602 937 concidere

1515 978 1631 1025 ·pro
1668 964 1952 1020 συνίστη-ε,-
1998 963 2255 1027 quomodo
2290 970 2345 1013 et
2380 964 2601 1013 Rotten·
2676 982 2683 989 ·

1534 1038 1719 1103 dorpb.
1746 1041 1873 1089 Mox
1890 1039 2052 1089 subtus
2074 1055 2167 1103 pro
2188 1040 2346 1089 subter
2367 1048 2473 1091 tres
2490 1040 2601 1089 alii.

1535 1117 1603 1167 D.
1628 1116 1801 1167 Heius.

1594 1198 1663 1263 78
1700 1192 1953 1257 Certaque]
1988 1194 2071 1243 Ne
2102 1192 2409 1253 relabimini,
2431 1191 2599 1255 ait‚in

1534 1270 1640 1318 tale
1679 1270 1889 1333 aliquod
1928 1270 2113 1317 iterum
2150 1268 2370 1329 facinus,
2408 1275 2498 1317 aut
2528 1280 2597 1317 no

1531 1346 1734 1409 negetis
1754 1344 2029 1408 aliquando
2056 1343 2189 1393 banc
2210 1350 2435 1393 vestram
2466 1342 2599 1393 insa·

1529 1421 1687 1471 niam.
1722 1422 1901 1471 Barth.

1595 1501 1661 1545 ⁷9
1692 1495 1890 1558 subter]
1932 1494 1997 1543 In
2022 1494 2129 1544 basi
2170 1500 2379 1555 statum,
2413 1494 2499 1543 ubi
2522 1495 2601 1545 in·

1531 1571 1893 1621 scribebantur
1949 1583 2287 1634 personarum
2326 1569 2389 1619 iis
2432 1570 2599 1619 titulis

1528 1648 1893 1697 honoraturum
1916 1646 2109 1697 laudes.
2144 1646 2291 1695 Idem.

1594 1727 1659 1772 8⁰
1696 1725 1843 1773 Claro
1856 1726 1975 1787 quod
1996 1722 2165 1771 nobilis
2182 1721 2315 1785 ortu]
2351 1722 2445 1771 Vir
2466 1726 2597 1785 puta

1529 1799 1740 1849 illustris
1762 1799 2035 1861 natalibus,
2052 1804 2141 1847 aut
2163 1798 2271 1847 tale
2290 1798 2443 1862 quid;
2475 1811 2595 1847 nam

1530 1874 1598 1923 ad
1620 1875 1997 1924 obscurandam
2020 1874 2221 1937 generis
2240 1880 2296 1923 et
2314 1873 2597 1937 peregrini·

1529 1952 1656 2001 tatis
1680 1950 2049 2001 obscuritatem
2070 1950 2181 1999 baec
2198 1949 2423 1998 maxime
2441 1947 2593 1999 affec·

1527 2034 1665 2077 tasse
1686 2027 1985 2089 Eutropium
2004 2025 2340 2075 clarissimum
2360 2030 2473 2075 est:
2498 2026 2593 2075 ita-

1525 2119 1627 2168 que
1652 2112 1708 2154 et
1726 2105 2079 2153 inusitatior-es
2114 2102 2290 2165 titulos
2313 2102 2593 2153 accessisse

1525 2188 1779 2231 memorat
1800 2180 2131 2229 Claudianus.
2167 2178 2319 2225 Idem.

1592 2264 1653 2308 81
1710 2261 1831 2307 Cum
1869 2259 2031 2306 uiuant
2070 2254 2271 2315 domiai]
2325 2254 2497 2316 Supra
2534 2251 2589 2303 in

1527 2334 1835 2399 praefatione
1870 2333 2101 2383 dominos
2140 2330 2381 2394 Eutropii
2414 2343 2592 2393 super-

1525 2413 1677 2462 stites
1708 2410 1953 2471 dignitati
1974 2408 2109 2473 ejus,
2140 2408 2403 2471 dejectum
2424 2413 2593 2455 certa·

1439 2524 1442 2527 -
1525 2490 1621 2537 tim
1656 2488 1708 2535 in
1745 2487 2047 2535 servitutem
2083 2482 2347 2532 vindicare
2368 2480 2592 2529 voluisse

1522 2563 1731 2623 asserit,
1764 2569 1821 2611 et
1856 2560 2039 2609 dedita
2069 2572 2227 2622 opera
2254 2557 2391 2606 libro
2423 2557 2593 2619 primo

1523 2636 1755 2687 infinitos
1778 2650 1865 2685 eos
1882 2634 2177 2697 descripsit.
2242 2633 2410 2684 Quam
2426 2632 2591 2695 indig-

1522 2727 1593 2763 na
1613 2720 1789 2762 autem
1812 2726 1895 2761 res
1914 2712 2113 2761 natales
2134 2708 2351 2759 bominis
2372 2708 2591 2772 publicis

1522 2787 1867 2837 monumentis
1890 2785 2111 2847 laudari,
2132 2785 2281 2847 cujus
2303 2782 2496 2832 domini
2517 2783 2589 2831 vi-

1522 2873 1647 2917 vant
1668 2867 1837 2915 adbuc
1858 2872 1915 2913 et
1940 2863 2228 2927 supersint!
2266 2862 2419 2909 Idem.

1591 2941 1710 2989 Cum
1730 2943 1893 2991 uiuant
1928 2938 2129 3000 domim]
2166 2937 2373 2985 Conviva
2392 2934 2591 2997 domini,

1521 3017 1823 3080 Eutropius,
1846 3030 1999 3080 quem
2040 3015 2149 3063 Dn.
2169 3012 2423 3062 Arcadius
2446 3024 2589 3061 men·

1521 3108 1595 3142 sae
1616 3094 1806 3143 bonore
1828 3092 2071 3153 dignatus
2094 3088 2197 3147 sit;
2241 3088 2328 3148 qui
2360 3100 2589 3135 summus

1519 3169 1683 3220 bonor
1720 3183 1781 3217 ac
1820 3166 2115 3231 praecipuus
2150 3161 2289 3224 apud
2313 3160 2551 3225 Curtium
2569 3174 2589 3209 ι

1520 3246 1659 3295 unde
1700 3252 1757 3293 et
1794 3244 1911 3293 Lat.
1946 3240 2203 3288 Pacatus:
2237 3240 2251 3265 ‘
2277 3236 2375 3285 Ille
2410 3248 2591 3283 mensa

1523 3322 1723 3383 beatus,
1755 3320 1845 3368 ille
1884 3318 2059 3366 osculo
2100 3319 2431 3363 consecratus
2470 3311 2588 3362 est!

1521 3402 1711 3451 elaver.

1587 3476 1709 3524 Cum
1729 3474 1893 3522 uiuant
1908 3468 2110 3531 domiai]
2133 3468 2266 3516 Haec
2288 3472 2345 3515 et
2365 3480 2584 3529 sequen·

1515 3550 1595 3601 tia
1615 3546 2026 3614 inquinatissima
2046 3550 2213 3592 erant.
2268 3541 2457 3589 Veram
2482 3542 2584 3590 lec-

1517 3625 1711 3675 tionem
1733 3638 1800 3671 ex
1826 3620 2035 3683 scriptis
2072 3617 2215 3666 libris
2234 3616 2587 3679 deprehendit

1517 3702 1599 3751 Cl.
1624 3699 1919 3751 Gronovius
1940 3696 1995 3745 in
2020 3691 2505 3755 observationibus,
2528 3698 2587 3743 et

1519 3782 1641 3840 post
1660 3776 1805 3824 illum
1830 3771 2075 3821 Bai-thius
2111 3770 2247 3819 curis
2286 3768 2585 3831 posteriori·

1515 3855 1642 3903 bus:
1700 3852 1783 3901 cui
1824 3847 2173 3900 emendationi
2214 3846 2583 3908 castigatiores

1477 3958 1482 3967 ·
1517 3927 1827 3977 membranae
1880 3923 2280 3985 adstipulantur.
2367 3920 2583 3969 Frustra

1517 4004 1787 4053 Claverius
1810 4000 2015 4049 Conviva
2037 4002 2085 4046 et
2104 3996 2282 4045 domini
2295 4013 2312 4045 .·
2343 3994 2481 4059 quod
2500 4007 2583 4041 se·

1515 4088 1669 4131 cutus
1692 4089 1863 4127 tamen
1887 4073 2286 4138 Rapbelengius.
2320 4073 2388 4119 D.
2407 4069 2581 4118 Heius.

1580 4160 1647 4205 82
1678 4156 1751 4203 Et
1768 4152 1959 4217 potitur
1978 4148 2138 4211 miles]
2172 4145 2312 4205 Quid
2336 4144 2469 4192 enim
2497 4149 2581 4193 tot

1515 4230 1759 4290 numeris,
1781 4234 1859 4277 tot
1889 4224 2177 4289 legionibus
2208 4219 2367 4281 magis
2396 4218 2581 4281 adver.

1516 4322 1627 4359 sum
1664 4313 1719 4356 et
1754 4302 2019 4367 indignius
2052 4297 2155 4349 dici
2192 4295 2405 4363 poterit,
2424 4310 2579 4362 quam
