3167 4984
1239 369 1356 425 cr..
1402 371 1852 427 assumam.
1893 394 1912 413 ‚,
2468 354 2639 431 1751

463 507 486 539 ³
530 518 812 597 Lignum.
893 514 1162 597 Epistola
1205 516 1562 577 dedicatoria
1606 514 1747 579 data
1774 518 1965 579 estad
2012 518 2427 599 amplissimum
2456 521 2642 584 viram

527 614 832 679 Jafiedum
887 614 1188 684 carolum,
1262 612 1500 675 humani
1553 614 1853 693 divinique
1912 616 2066 691 juris
2122 616 2642 691 consultissimum,

527 701 921 787 Delphinatus
969 708 1302 795 praesidem,
1352 710 1817 788 sanctissimique
1862 713 2115 772 Senatus
2141 712 2455 773 Insubrum
2486 714 2643 793 prin-

525 806 1132 885 cipem-Mediolani
1159 806 1348 884 pridie
1375 807 1542 871 eidus
1571 808 1936 869 Decembris.
2488 799 2495 805 ’

445 905 866 982 snbjungimns
896 904 1032 963 huic
1053 904 1211 963 aetati
1238 904 1388 965 duas
1415 905 1689 970 carminis
1716 905 1792 965 de
1818 907 1892 965 R.
1923 906 2087 968 Pros.
2117 906 2255 968 edd.
2284 924 2330 967 s.
2358 925 2413 967 a.
2442 906 2645 969 Nicla-

523 1000 618 1061 sio
643 1010 1027 1061 memoratas:

443 1116 492 1155 s,
523 1114 582 1157 a.
609 1098 842 1175 Lipsiae,
873 1106 932 1157 4.
965 1098 1056 1159 Cl.
1085 1100 1438 1176 opuseulum
1463 1098 1538 1159 de
1565 1106 1743 1177 raptu
1768 1100 1935 1161 Pros.
1966 1100 2141 1180 quale
2168 1100 2479 1171 invenitur,
2506 1119 2643 1160 nam

527 1191 797 1253 ultimum
840 1192 1110 1255 volumen
1149 1196 1310 1274 apud
1349 1214 1460 1255 nos
1486 1214 1601 1255 non
1630 1205 1813 1259 extat.
1838 1196 1974 1257 vid.
2000 1197 2098 1257 Jo.
2127 1198 2206 1257 H.
2236 1197 2537 1257 Leichium
2566 1195 2642 1257 de

525 1290 672 1367 orig.
701 1300 762 1349 et
787 1290 1025 1351 incr-em.
1050 1301 1283 1370 typogr.
1315 1290 1659 1369 Lipsiensis.
2546 1282 2550 1287 ’

445 1406 492 1443 s.
517 1404 574 1445 a.
601 1386 730 1446 etl.
759 1384 864 1447 fol.
914 1388 1224 1448 Claudiani
1269 1388 1454 1449 Siculi
1501 1388 1609 1447 viri
1648 1386 1905 1465 inprimis
1950 1387 2295 1459 doctissimi,
2356 1388 2433 1449 de
2460 1397 2637 1468 raptu

525 1482 693 1543 Pros.
721 1484 1056 1562 Tragoediae
1075 1484 1210 1545 duaa
1232 1486 1504 1546 heroicae.
1555 1487 1648 1545 De
1676 1484 1851 1563 cujus
1876 1485 2011 1545 libri
2040 1486 2380 1545 charactere
2398 1486 2645 1545 Maina-

525 1578 613 1637 rio
639 1584 790 1639 Ann.
817 1588 943 1658 typ.
969 1580 1050 1640 Τ.
1082 1596 1130 1640 1.
1164 1599 1225 1658 p.
1255 1587 1398 1649 753.
1427 1578 1811 1658 conjiciente,
1854 1582 2251 1640 characterem
2292 1580 2537 1641 Joannis
2566 1579 2641 1638 de

529 1676 904 1753 Westphalen
966 1676 1348 1755 (typographi
1411 1677 1681 1737 Alostani
1734 1677 1795 1735 in
1856 1675 2151 1748 Flandria)
2204 1677 2387 1737 ferme
2441 1674 2639 1737 refert.

527 1772 816 1839 Quamvis
837 1762 1039 1833 autem
1069 1782 1184 1833 tres
1212 1771 1346 1833 libri
1373 1770 1450 1831 de
1479 1774 1552 1832 R..
1573 1771 1643 1831 P.
1674 1771 1733 1830 in
1762 1772 1909 1831 duas
1934 1771 2273 1849 tragoedias,
2303 1778 2640 1831 constantes

529 1867 716 1927 tribus
763 1868 998 1927 actibus
1047 1867 1303 1947 singulas
1331 1866 1647 1927 artificiose
1696 1866 1994 1928 distributi
2042 1868 2178 1940 sint,
2222 1874 2417 1947 poiitoe
2442 1877 2639 1928 tamen

528 1962 700 2025 verba
727 1963 951 2043 integra
979 1973 1286 2025 servantur
1313 1963 1580 2041 ordoque
1608 1962 1942 2024 inviolatus.

937 2162 946 2169 ⁶
1042 2286 1046 2291 ⁸
1145 2212 1371 2272 AETAS
1415 2212 1947 2281 11.1510-1571.

451 2374 502 2429 A
533 2374 629 2433 Jo.
661 2371 931 2431 Camerte
961 2370 1217 2441 ordiens,
1241 2390 1350 2449 per
1383 2371 1418 2431 J
1424 2368 1687 2429 nntinam
1710 2390 1758 2429 s.
1784 2369 1913 2445 qius
1932 2376 2260 2431 curatorem
2274 2372 2408 2431 Ant.
2432 2372 2642 2433 Franc.

529 2468 962 2539 Varchiensem,
1005 2476 1068 2526 et
1093 2466 1381 2535 Aldinam,
1411 2466 1504 2525 cni
1532 2464 1771 2543 praefuit
1800 2464 2007 2525 Franc.
2037 2465 2350 2535 AsulanuS,
2398 2476 2598 2525 ornata
2622 2488 2639 2537 3

529 2572 742 2641 praeter
767 2583 916 2641 quos
949 2562 1136 2625 Mich.
1167 2561 1502 2641 Isingrinius
1519 2579 1661 2621 cum
1690 2562 1879 2622 Mich.
1910 2560 2163 2624 Bentino
2179 2570 2239 2620 et
2258 2564 2353 2621 Jo.
2373 2562 2641 2623 Homero

528 2660 835 2719 Basileensi
868 2678 913 2719 1.
943 2678 1182 2737 operam
1211 2659 1466 2718 navavit.
1549 2658 1811 2719 Laudem
1851 2678 1990 2718 vero
2016 2657 2189 2717 etiam
2230 2656 2451 2717 habent
2479 2658 2645 2718 Pari-

531 2752 731 2833 siensis
756 2754 1019 2826 Colinaei,
1065 2764 1130 2814 ut
1179 2754 1564 2825 curatissima,
1606 2763 1668 2814 et
1708 2754 2093 2833 Gryphianae,
2134 2774 2169 2812 a
2210 2754 2381 2811 Petro
2422 2752 2646 2813 Crinito

441 2846 472 2863 ’”
529 2846 784 2910 curatae.'
839 2844 1137 2909 'Parrhasii
1176 2851 1410 2909 Comm.
1453 2850 1512 2908 in
1541 2850 1613 2908 L.
1639 2848 1715 2909 de
1762 2862 1938 2927 raptu
1985 2852 2147 2909 Pros,
2194 2849 2496 2927 repetituS,
2538 2851 2643 2909 sed

529 2964 666 3004 mox
705 2946 884 3005 cessit
909 2946 1006 3005 ille
1051 2948 1206 3005 notis
1235 2945 1293 3005 in
1334 2944 1721 3007 Claudianum
1752 2965 1785 3004 a
1814 2948 1903 3005 Μ.
1934 2948 2073 3005 Ant.
2106 2944 2307 3004 Delrio
2334 2964 2433 3004 an.
2471 2954 2642 3005 1538.

533 3042 630 3101 edi
658 3042 890 3121 coeptis.

454 3144 608 3199 1510
647 3137 986 3197 Camertina
1016 3153 1064 3197 1.
1107 3135 1373 3208 Viennae,
1403 3148 1462 3197 4.
1543 3136 1853 3199 Claudiani
1881 3122 2059 3215 opera
2087 3135 2391 3196 novissime
2420 3152 2529 3213 per
2554 3137 2635 3194 D.

523 3234 617 3295 Jo.
645 3236 976 3294 Camertem
1000 3233 1430 3294 accuratissime
1475 3235 1793 3313 recognita.
1846 3234 1915 3293 In
1968 3232 2122 3294 fine:
2167 3232 2643 3292 Elimatissimnm
2694 3262 2699 3267 ·

529 3330 640 3391 hoc
669 3329 977 3391 Claudiani
1006 3350 1157 3409 opus
1196 3328 1560 3389 elaboratum
1590 3342 1683 3388 est
1708 3330 1950 3388 Viennae
1976 3326 2249 3399 Austriae,
2299 3326 2647 3407 Hieronymi

451 3446 458 3451 ·
531 3427 781 3487 Victoris
813 3426 1146 3485 Philovallis
1175 3425 1571 3505 calcographi
1592 3447 1613 3486 τ
1661 3424 1739 3484 Et
1764 3427 1799 3486 J
1804 3426 2009 3486 oannis
2040 3426 2325 3504 Singrenii
2352 3426 2646 3484 sociorum

529 3523 798 3582 solertia:
847 3522 1132 3601 Expensis
1159 3542 1298 3582 vero
1328 3520 1645 3581 Leonharti
1688 3522 1931 3581 Alantse
1983 3520 2331 3599 Bibliopolas
2358 3520 2650 3579 Viennen-

529 3620 622 3679 sis.
666 3624 840 3679 Anno
873 3630 1054 3679 Mox.
1085 3616 1271 3695 pridie
1301 3620 1506 3678 Nonas
1535 3616 2145 3677 Octobris.--Charta
2165 3614 2436 3686 candida,
2466 3616 2647 3675 literae

531 3716 903 3775 Jensonianae
931 3713 1356 3793 pulcherrimae,
1401 3711 1604 3772 versus
1632 3730 1740 3791 per
1764 3711 1999 3771 denaria
2042 3712 2345 3772 intervalla
2381 3708 2645 3770 dinume-

531 3810 670 3867 rati.

448 3901 588 3961 ‘Fuit
615 3912 741 3962 tum
767 3906 862 3965 Jo.
881 3908 1160 3976 Camers,
1201 3914 1266 3964 ut
1303 3902 1646 3981 intelligitur
1671 3924 1745 3963 ex
1786 3903 2088 3964 versiculis
2115 3924 2151 3964 a
2176 3902 2487 3964 Joachimo
2531 3904 2648 3960 Va-

530 3998 709 4058 diano
737 3998 1007 4075 adiectis,
1049 4020 1234 4061 sacrae
1281 3999 1621 4077 Theologiae
1664 3998 1833 4059 simul
1857 4009 1915 4060 et
1942 4000 2297 4080 optimarum
2346 3999 2644 4057 literarum

455 4124 461 4131 -<
533 4094 856 4165 Professor,
895 4096 1113 4167 ordinis
1143 4094 1278 4155 Divi
1308 4094 1626 4159 Francisci.
1708 4096 2001 4157 Ponamus
2028 4096 2307 4172 majorem
2352 4090 2646 4171 praefatio·-

529 4192 620 4251 nis
664 4198 929 4272 partem:
975 4200 994 4227 ‘
1019 4192 1118 4253 Jo.
1146 4194 1387 4253 Camers
1434 4190 1755 4254 lectoribus
1797 4182 2171 4253 '‘felicitatem.
2254 4190 2646 4251 Claudianum
