3167 4984
576 366 750 433 1598

575 524 720 587 prior
743 523 942 575 Moreti
977 532 1034 575 et
1069 526 1292 590 quinque
1331 527 1442 579 aiii.
1508 529 1640 579 Mox

575 605 699 649 octo
719 600 903 662 scripti
923 615 1102 649 omnem
1133 607 1246 651 ante
1265 602 1409 655 diem.
1473 604 1639 653 Paulo

575 680 701 726 ante
741 674 978 725 fortassis
1013 678 1380 741 reponendum,
1413 682 1642 743 solitoque

573 750 780 799 saraim·
794 750 894 811 o'e'r,
913 765 1006 813 pro
1027 752 1277 803 decentior.
1309 755 1384 803 D.
1404 755 1587 805 Heins-

640 828 738 873 539
771 824 999 887 Deterno]
1045 827 1347 891 Eleganter,
1367 830 1512 880 velut
1531 844 1640 880 ma-

574 912 664 949 nu.
699 900 878 950 Barth.

641 978 738 1026 641
807 974 1075 1041 Lunamque
1128 978 1314 1041 rudem]
1418 939 1639 1031 Novam.

578 1051 735 1099 Idem.

639 1132 736 1177 543
771 1129 881 1185 Qua
909 1145 1026 1193 pons
1061 1147 1094 1180 a
1119 1130 1232 1181 colle
1249 1127 1446 1196 recedit]
1494 1134 1638 1183 Libri

575 1203 812 1253 meliores
849 1207 971 1268 quod
1002 1221 1154 1268 pon-s,-
1203 1222 1328 1257 vere
1349 1225 1364 1256 ε
1415 1209 1637 1269 diximus

575 1280 731 1329 Cous.
749 1281 919 1331 Mami
931 1287 1016 1332 57.
1053 1285 1272 1335 Lucens.
1291 1287 1449 1335 etiam
1465 1293 1521 1337 et
1536 1288 1639 1336 Bo-

575 1369 697 1404 non.
721 1357 948 1421 Mulvius,
985 1372 1088 1407 non
1118 1360 1348 1411 Milvius.-
1381 1367 1545 1423 recte,
1579 1370 1645 1411 ut·

577 1439 632 1483 et
665 1434 816 1497 prim.
839 1436 1008 1486 Vatic.
1047 1438 1132 1501 qni
1163 1438 1318 1487 etiam
1340 1440 1393 1487 ιἰι
1412 1444 1639 1501 querutum

575 1522 672 1573 pro
707 1516 756 1559 et
791 1515 1044 1573 quantum.-
1079 1527 1180 1577 quo
1214 1513 1462 1576 loquendi
1485 1514 1637 1563 modo

575 1591 632 1634 et
651 1585 774 1635 alibi
797 1592 972 1636 noster
997 1604 1130 1637 usus.
1176 1588 1244 1637 D.
1269 1589 1444 1637 Heius.

639 1664 734 1711 545
775 1658 990 1721 Undat-e]
1022 1663 1286 1711 Fluctibus
1315 1665 1480 1716 velut.
1533 1664 1636 1715 Po-

575 1735 688 1799 puli
723 1736 874 1799 copia
913 1737 1048 1787 talis.
1091 1738 1389 1801 Virgilius:
1435 1740 1452 1768 ‘
1479 1741 1639 1790 Mane

546 1812 886 1871 ⁸:minitantem
933 1811 1058 1860 totis
1101 1814 1262 1863 vomit
1307 1815 1507 1867 aedibns
1543 1830 1638 1865 un-

575 1885 712 1936 dam.
713 1886 729 1909 ’
762 1886 940 1936 Barth.

639 1964 736 2009 546
759 1960 1000 2011 Muribus
1018 1965 1161 2027 oedes]
1196 1966 1282 2016 De
1306 1982 1502 2018 summo
1520 1970 1637 2019 loco

575 2037 955 2099 spectantibus.
990 2040 1142 2089 Idem.
1369 2072 1381 2083 ι

585 2138 591 2145 ·
639 2114 738 2159 548
765 2112 998 2174 Prospero
1008 2113 1142 2175 fata]
1164 2115 1315 2165 Fati
1302 2131 1351 2166 m
1372 2072 1636 2182 plerisque

576 2184 818 2248 scriptis3
853 2186 1018 2235 bene.
1055 2190 1190 2251 quod
1228 2198 1282 2240 et
1319 2192 1432 2241 aliis
1456 2193 1639 2255 depre-

573 2258 802 2310 hensum.
823 2260 960 2309 Vide
983 2267 1130 2312 notas
1153 2264 1277 2314 bell.
1297 2266 1506 2316 Gildon.
1523 2272 1636 2319 103.

573 2334 845 2395 vulgatum
868 2340 1040 2385 tamen
1061 2338 1306 2389 Barthius
1327 2348 1521 2391 tuetur.
1563 2343 1635 2393 D.

576 2408 754 2460 Heius.

639 2490 737 2549 550
773 2486 910 2544 Quod
938 2492 1142 2552 tempore
1177 2492 1322 2561 solus]
1378 2495 1486 2550 Quo
1523 2500 1637 2544 tem-

569 2572 685 2620 pore
705 2560 826 2609 solos
846 2560 1230 2629 Raphelengius
1269 2582 1335 2615 ex
1369 2571 1637 2633 conjectu-

573 2649 664 2683 ra.
699 2637 788 2684 sed
827 2643 1035 2701 temporo
1062 2642 1172 2703 jam
1211 2644 1307 2693 hoc
1347 2647 1459 2708 ipso
1481 2660 1637 2695 versu

575 2720 964 2772 praecesserant.
1016 2715 1160 2764 Libri
1183 2718 1382 2781 antiqui
1401 2720 1514 2770 fere
1535 2736 1637 2769 om-

574 2798 668 2833 nes
701 2786 820 2847 quod
836 2791 1028 2847 pectore.
1039 2792 1186 2841 solus.-
1204 2792 1414 2856 placet,
1437 2796 1481 2845 si
1502 2797 1637 2847 bene

575 2858 951 2923 distinguatur-3
985 2864 1120 2915 vidit
1150 2881 1355 2932 quoque
1391 2871 1635 2922 Barthius

573 2934 712 2983 curis
763 2937 1028 2987 secundis.
1057 2954 1236 2991 veram
1285 2945 1631 3007 scripturam:

481 3032 486 3037 ·
573 3025 662 3073 qno
680 3017 864 3073 pectore
890 3012 1200 3065 Oiselianus.
1237 3019 1387 3069 Idem.

638 3090 734 3134 551
769 3088 1002 3138 Romanos
1021 3093 1196 3156 vetuit]
1247 3093 1399 3145 Adeo
1421 3097 1634 3160 pulchre

575 3160 820 3211 educatus
849 3161 952 3212 fuit
985 3180 1015 3213 a
1041 3166 1328 3217 Stilichone
1351 3172 1633 3232 Honorius,

574 3243 636 3285 ut
670 3238 884 3287 Senatui
916 3240 1194 3302 plurimum
1225 3245 1472 3311 deferret,
1495 3250 1634 3313 qnod

575 3318 660 3359 est
701 3313 950 3377 imprimis
991 3316 1284 3379 laudabile;
1339 3322 1464 3370 alias
1509 3325 1633 3373 nihil

575 3386 776 3449 regium
819 3397 911 3439 aut
961 3394 1226 3456 egregium
1275 3395 1342 3445 de
1388 3399 1633 3462 Principe

577 3466 882 3523 speraveris.
947 3468 1112 3517 Moris
1152 3477 1268 3521 erat
1304 3474 1531 3536 quidem,
1575 3483 1634 3525 ut

574 3537 852 3588 Senatores
865 3547 920 3589 et
938 3545 1146 3606 sanguis
1168 3540 1441 3609 patricius,
1462 3548 1634 3611 Impe-

574 3612 735 3660 ratori
770 3614 1110 3677 triumphanti
1147 3620 1348 3669 obviam
1386 3624 1634 3685 procede-

575 3693 724 3738 rent:
761 3689 853 3751 sed
883 3691 1016 3740 hunc
1037 3694 1280 3744 honorem
1317 3698 1548 3747 modeste
1571 3712 1633 3749 ac

575 3776 825 3827 generose
845 3768 1116 3820 recusavit.
1154 3772 1340 3821 Claver.

647 3840 811 3889 Vetuit
826 3855 1014 3891 currum
1032 3848 1292 3905 prcecedere
1305 3848 1502 3909 Patres]
1527 3830 1647 3899 Nol

575 3920 656 3965 tes
676 3929 846 3965 mores
865 3918 1090 3979 priorum
1114 3921 1433 3983 Principum.
1457 3925 1633 3974 Barth.

639 3994 736 4039 552
774 3992 894 4039 Cum
913 3998 1068 4041 tamen
1093 3995 1372 4058 Eucherius]
1407 3998 1632 4049 Unicum

574 4064 758 4129 pignus
781 4066 931 4116 virile
969 4082 1114 4117 suum
1145 4076 1206 4119 ut
1240 4071 1499 4135 habuerit,
1519 4076 1633 4138 pari

575 4140 813 4190 nimirum
837 4156 952 4191 cum
972 4142 1083 4205 ipso
1103 4152 1221 4193 vate
1253 4154 1449 4211 nostro,
1470 4150 1635 4213 digni-

575 4218 704 4279 tate,
739 4215 977 4282 Stilicho,
1013 4225 1260 4271 notarunt
1287 4222 1398 4285 jam
1433 4224 1520 4274 alii
1563 4240 1631 4275 ex

869 384 1087 433 NoTAE
1134 384 1540 437 vARmRtm
1585 388 1669 437 IN
1718 388 1831 437 01..
1874 390 2153 443 GLAUD.
2200 392 2485 445 xxvnl.

1715 530 1941 581 Zosimo.
1977 532 2129 583 Idem.

1778 609 1873 659 554
1940 608 2122 657 Militis
2172 602 2399 673 officium]
2489 610 2777 675 Obsequium

1714 683 1863 745 prim.
1884 682 2055 731 Vatic.
2076 684 2327 733 Mazarin.
2352 691 2408 734 et
2430 700 2560 736 nnus
2579 688 2783 739 Medic.-

1714 772 1832 806 cum
1875 757 2173 808 Oiseliano:
2226 760 2424 810 dictum
2462 777 2639 826 supra.
2706 765 2783 814 D.

1714 832 1889 883 Heius.
2772 860 2781 879 ι

1778 909 1875 957 556
1910 910 2093 973 Quique
2134 916 2275 972 neget
2313 912 2449 975 nato]
2502 914 2779 978 Quotquot-

1714 981 1863 1033 fuere
1900 984 1987 1033 illa
2025 992 2341 1049 tempestate
2380 990 2479 1037 viri
2512 990 2567 1039 in
2600 1004 2783 1041 rernm

1630 1082 1645 1098 ‚
1714 1056 1935 1122 fastigiis
1972 1063 2264 1125 constituti,
2297 1078 2387 1113 eos
2426 1068 2580 1129 louge
2620 1069 2791 1117 animi..

1713 1132 2067 1184 moderatione
2086 1137 2305 1186 anteivit
2326 1139 2558 1189 Stilicho.
2625 1141 2777 1191 Licet

1714 1207 1851 1258 enim
1874 1208 2051 1258 ultimo
2074 1210 2353 1261 Theodosii
2370 1214 2561 1277 elogio,
2588 1216 2789 1265 utrius*

1714 1295 1815 1345 que
1851 1278 2065 1348 Imperii
2088 1300 2285 1335 summa
2304 1288 2353 1337 ei
2374 1290 2645 1340 commissa
2666 1290 2777 1341 fue·

1713 1356 1800 1418 rit,
1836 1364 1891 1408 et
1932 1374 2091 1409 anuos
2125 1374 2289 1412 xxm.
2312 1365 2534 1414 militare
2568 1364 2775 1417 culmen

1711 1433 2011 1499 obtinuerit,
2059 1452 2318 1503 nunqnam
2364 1446 2537 1491 tamen
2599 1458 2779 1495 nume-

1714 1515 1828 1558 rata
1849 1512 2070 1572 pecunia
2090 1511 2249 1562 duces
2266 1516 2481 1579 creavit,
2506 1522 2599 1566 aut
2618 1532 2777 1568 anno·

1631 1622 1639 1629 ν
1711 1598 1828 1633 nam
1851 1586 1905 1635 in
1928 1602 2073 1635 81111111
2096 1590 2417 1639 commodum
2440 1601 2645 1642 Vertere
2668 1608 2776 1645 sus-

1713 1662 1869 1712 tinuit
1886 1679 1900 1712 ε
1936 1678 2155 1728 cumque
2170 1666 2321 1713 unius
2338 1666 2433 1715 filii
2454 1675 2603 1729 pater
2620 1676 2774 1733 esset,

1712 1738 1844 1787 hanc
1866 1738 1916 1787 ei
1938 1746 2129 1789 metam
2166 1742 2362 1803 posuit,
2384 1750 2443 1791 ut
2465 1744 2776 1808 dignitatem

1711 1811 1933 1861 Tribuni
1967 1827 2029 1862 ac
2069 1814 2277 1864 Notarii
2308 1830 2412 1865 non
2444 1822 2776 1873 transcende-

1672 1902 1693 1911 ‘
1712 1892 1809 1936 ret.
1846 1890 2034 1939 clover.

1774 1968 1871 2013 557
1904 1965 2015 2014 Hoc
2028 1968 2121 2015 sibi
2132 1981 2247 2017 cura
2262 1970 2447 2033 oenum]
2482 1973 2639 2025 Multi
2656 1975 2777 2039 hare,-

1710 2043 1767 2087 et
1804 2053 1923 2088 mox
1950 2046 2051 2090 tum
2065 2043 2213 2105 flore.
2270 2045 2372 2094 Hic
2405 2061 2508 2097 sec.
2531 2049 2782 2101 vatican.

1711 2115 1780 2164 D.
1811 2116 1977 2165 Heins.
2548 2162 2553 2165 .

1774 2190 1885 2239 Sibi
1906 2208 2021 2242 cura
2040 2196 2222 2258 senum]
2268 2197 2373 2247 Suo
2406 2199 2611 2251 scilicet
2633 2217 2774 2251 com-

1710 2265 1882 2315 modo.
1907 2268 2047 2316 Cura
2062 2270 2271 2319 senibus
2288 2273 2619 2339 adscribitur,
2632 2278 2779 2342 quod

1710 2341 1883 2390 omnia
1904 2344 2221 2409 expendant,
2242 2354 2493 2399 metuant.

1776 2416 1975 2465 Matura
1994 2420 2135 2481 oetas]
2168 2421 2425 2487 Robusta,
2445 2426 2617 2476 media
2634 2428 2775 2478 iuter-

1708 2491 2051 2544 Juventntem
2074 2501 2130 2544 et
2154 2496 2447 2549 Senectam.
2483 2502 2659 2552 Barth.

1774 2571 1871 2615 558
1902 2569 2068 2631 Auloe]
2100 2570 2329 2633 Imperii.
2361 2574 2511 2624 Idem.

1775 2648 1871 2692 560
1904 2644 2069 2707 Flore]
2112 2647 2381 2710 Lanugiue
2404 2651 2585 2712 prima.
2619 2652 2777 2707 Idem.-

1774 2723 1869 2767 561
1922 2719 2195 2783 Gemmato]
2263 2722 2358 2773 Uti
2400 2732 2551 2775 erant
2594 2737 2769 2779 vestes

1708 2793 2085 2857 Imperatoriae.
2120 2797 2271 2850 Idem.
2340 2830 2345 2840 ·

1776 2873 1873 2919 562
1910 2870 2167 2920 Certatum
2188 2872 2357 2939 Lyceo]
2409 2874 2559 2926 Inter
2580 2877 2769 2930 formo-

1710 2943 1931 2993 sissimos
1952 2945 2209 2997 Bacchus.
2253 2950 2401 3001 Idem.
2532 2985 2537 2991 -

1775 3025 1869 3070 563
1896 3022 2028 3070 Inter
2049 3023 2351 3089 Erythraeos]
2385 3028 2669 3093 Erythram
2681 3046 2768 3083 no·

1710 3111 1825 3146 vem
1847 3097 1969 3147 libri
1988 3112 2107 3159 cum
2129 3107 2349 3162 quatuor
2368 3104 2595 3154 melioris
2628 3114 2766 3157 notae

1709 3172 2006 3223 Vaticanis:
2040 3182 2205 3225 recte.
2268 3177 2357 3227 Sic
2395 3180 2533 3242 apud
2566 3182 2765 3233 Lucan.

1710 3250 1745 3299 1.
1759 3262 1813 3299 x.
1839 3257 1986 3300 vetus
2004 3251 2169 3301 codex
2188 3270 2213 3307 ε,
2236 3254 2253 3281 ⁴
2276 3253 2473 3305 foribus
2493 3258 2767 3309 testudinis

1708 3324 1854 3371 Indae
1876 3326 2044 3385 Terga
2079 3325 2280 3389 sedent,
2319 3329 2504 3379 crebra
2536 3334 2769 3382 maculas

1708 3398 1957 3447 distincta
1991 3401 2291 3462 smaragdo?
2356 3404 2513 3455 Ovid.
2550 3407 2681 3457 Met.
2702 3420 2770 3457 ιι.

1708 3472 1723 3498 ‘
1747 3472 1974 3522 Sedebat
2012 3474 2076 3523 In
2108 3476 2241 3525 solio
2280 3477 2505 3528 Phoebus
2527 3482 2667 3530 clara
2690 3483 2768 3531 lu-

1709 3553 1863 3594 cente
1886 3549 2185 3611 smaragdo!
2250 3553 2361 3603 Lib.
2385 3568 2471 3604 ιιι.
2495 3556 2613 3605 Art.
2648 3556 2775 3609 Am.

1708 3621 1723 3649 ‘
1748 3621 1851 3669 Hic
1873 3623 2097 3684 Paphias
2128 3633 2345 3689 myrtos,
2374 3629 2459 3677 hic
2482 3641 2769 3694 purpureas

1710 3697 2025 3759 amethystos
2044 3699 2077 3749 :'
2112 3708 2171 3751 nt
2200 3703 2409 3765 quidem
2444 3706 2499 3753 in
2540 3708 2767 3771 antiquis

1708 3773 2087 3836 exemplaribus
2137 3782 2357 3843 uterque
2414 3781 2559 3831 locus
2602 3787 2767 3833 extat.

1708 3848 1778 3897 D.
1800 3848 1973 3899 Heius.
2824 3894 2829 3903 .

1771 3929 1865 3973 565
1905 3927 2041 3973 Colet
2060 3942 2139 3975 ore
2166 3928 2345 3991 pudor]
2395 3930 2544 3981 Alter
2566 3932 2765 3983 Moreti

1708 4004 1761 4047 et
1799 4002 1989 4050 Lovan.
2027 4002 2111 4050 ille
2140 4004 2311 4065 pudor.
2351 4014 2513 4057 recte.
2547 4022 2665 4057 nam
2704 4007 2764 4057 τὸ

1704 4090 1789 4123 ora
1809 4078 2056 4141 sequitur.
2106 4080 2224 4129 vide
2246 4095 2323 4133 IV.
2346 4084 2500 4134 eous.
2523 4086 2663 4137 Hon.
2685 4100 2765 4136 vs.

1704 4152 1821 4199 284.
1852 4152 1995 4200 rubor
2014 4169 2141 4203 unus
2162 4156 2335 4207 Vatic.
2369 4159 2517 4210 Idem.

1770 4229 1910 4279 ΟΜ
1928 4244 2009 4280 ore
2024 4231 2199 4295 pudor]
2254 4232 2521 4310 Ruborem
2536 4238 2763 4291 modesti
