3167 4984
592 405 765 474 1708

596 566 817 616 aeliano:
852 575 913 618 ut
954 571 1093 633 apud
1132 572 1317 636 virgil.
1348 575 1365 604 ⁶
1386 579 1654 640 totamque

594 642 769 692 infusa
790 659 887 707 per
906 655 1047 696 artus
1071 648 1221 698 Mens
1248 650 1412 712 agitat
1428 651 1652 701 molem!

594 718 663 769 D.
686 719 862 771 Heius.

660 797 724 842 19
753 794 937 858 Aspera
956 802 1181 846 secretum
1218 814 1256 848 s.
1278 801 1525 866 alimenta]
1562 803 1656 853 As·

592 883 723 932 pera
778 871 1037 934 alimenta,
1097 874 1249 936 rigidi
1307 874 1435 926 ferri
1486 881 1656 943 scobs,

594 943 705 992 sine
739 959 839 1009 qua
878 948 1047 1009 perire
1080 950 1227 1000 aiunt
1248 955 1474 1016 magneti
1498 955 1654 1006 vires.

592 1018 771 1070 Barth.

656 1249 721 1296 20
754 1249 1015 1299 Morientia
1048 1256 1232 1315 torpent
1258 1256 1473 1306 Membra
1495 1257 1656 1322 fame]

598 1321 833 1372 Thaletis
869 1325 1123 1390 doctrina,
1158 1333 1387 1394 magneti
1410 1348 1524 1382 esse
1549 1337 1656 1384 ani-

591 1412 749 1448 mam.
818 1401 915 1448 Est
942 1417 1061 1451 vero
1080 1410 1132 1450 et
1158 1406 1360 1467 speeies
1384 1412 1656 1473 magnetis,

592 1491 711 1540 qum
734 1476 925 1526 ferrum
968 1482 1193 1544 repellit,
1224 1498 1341 1533 cum
1378 1488 1544 1536 altera
1581 1503 1656 1537 re-

594 1553 836 1603 traxerit.
904 1555 1131 1605 Micbael
1154 1557 1377 1609 Psellus.
1410 1562 1587 1613 Barth.

655 1629 720 1676 22
752 1627 969 1690 Mavors]
994 1631 1278 1692 complexu
1294 1632 1475 1684 horum
1500 1639 1655 1687 simu·

590 1700 846 1749 lucrorum
873 1703 1161 1766 conjugium
1198 1707 1387 1757 Martis
1410 1717 1463 1760 et
1485 1714 1656 1763 Vene-

589 1775 660 1826 ris
696 1777 875 1825 lusisse
920 1779 1214 1830 sacerdotes
1245 1783 1297 1831 in
1335 1799 1396 1835 eo
1430 1787 1652 1852 Templo

590 1857 843 1914 autumat,
882 1860 940 1902 nt
980 1853 1189 1905 infinitis
1227 1859 1413 1910 talibus
1435 1864 1656 1914 Veneris

588 1925 790 1976 fabulas
812 1932 1125 1991 spectandas
1150 1935 1467 1988 exhibebant
1490 1955 1653 2005 popu-

590 2001 663 2052 lo.
728 2004 982 2066 Magnete
1027 2013 1201 2057 autem
1256 2009 1502 2078 ferroque
1550 2018 1654 2068 alia

586 2076 739 2140 hujus
762 2080 964 2140 generis
981 2081 1100 2129 olim
1122 2098 1215 2146 pro
1234 2087 1483 2151 prodigiis
1494 2089 1652 2142 facta.

586 2151 817 2203 Isidorus
858 2154 1010 2218 Orig.
1042 2157 1129 2206 lib.
1170 2173 1285 2210 xvr.
1323 2178 1437 2227 cap.
1463 2171 1545 2215 20.
1584 2181 1653 2216 ex

589 2224 718 2275 aliis.
786 2227 1106 2291 Augustinus
1146 2233 1240 2283 lib.
1279 2249 1402 2288 xxi.
1445 2254 1560 2302 cap.
1601 2247 1651 2291 6.

588 2299 655 2349 de
678 2301 837 2352 Civit.
868 2303 995 2354 Dei:
1030 2308 1045 2333 ‘
1072 2307 1224 2357 Unde
1248 2308 1441 2361 factum
1464 2322 1564 2376 est,
1595 2325 1654 2367 ut

586 2376 643 2426 in
664 2378 1126 2445 quodam-Templo
1150 2385 1409 2448 lapidibus
1446 2405 1652 2455 magne-

586 2453 724 2504 tibus
744 2455 797 2503 iu
820 2457 929 2506 solo
950 2467 1003 2506 et
1024 2459 1074 2507 in
1092 2475 1297 2524 camera
1316 2470 1652 2529 proportione

586 2531 951 2593 magnitudinis
976 2536 1178 2599 positis,
1196 2540 1524 2592 simulacrum
1546 2544 1651 2594 fer·

586 2619 734 2656 reum
756 2607 890 2656 aeris
928 2610 1067 2658 illius
1108 2614 1279 2662 medio
1304 2615 1439 2665 inter
1462 2627 1651 2674 utrum·

586 2694 688 2743 que
728 2681 976 2744 lapidem,
1017 2685 1369 2747 ignorantibus
1392 2693 1517 2754 quid
1540 2708 1649 2743 sur-

585 2768 697 2802 sum
722 2764 861 2804 esset
884 2765 939 2806 et
961 2747 1223 2824 deorsum,
1246 2766 1391 2827 quasi
1424 2771 1648 2822 numinis

582 2834 847 2892 potestate
872 2833 1159 2893 penderet!
1194 2837 1343 2889 Idem.

649 2907 714 2954 24
751 2905 1026 2956 Communia
1064 2911 1255 2973 templi]
1338 2915 1647 2982 eonjugium

586 2977 778 3028 Martis
800 2986 855 3029 et
870 2982 1093 3032 Veneris
1110 2992 1214 3034 tam
1231 2989 1567 3044 Planetarum
1591 3000 1649 3046 il-

583 3054 751 3104 lorum
774 3058 1025 3108 suavioris
1048 3068 1248 3112 naturae
1272 3069 1469 3128 prolem
1490 3072 1650 3122 deno-

582 3135 685 3194 tat,
728 3147 879 3196 quam
922 3135 1081 3184 robur
1138 3139 1325 3204 ipsum,
1378 3150 1651 3199 strenuita-

584 3213 708 3269 tem,
722 3206 1092 3275 fortitudinem,
1112 3219 1387 3278 temperari
1406 3231 1652 3284 oportere

585 3283 713 3345 otio,
732 3286 1019 3348 voluptate,
1052 3289 1341 3343 clementia.
1408 3297 1651 3351 Indidem

582 3373 697 3423 prae
735 3361 928 3414 Amore
962 3369 1162 3418 stellam
1206 3373 1393 3424 Martis
1431 3379 1651 3431 Veneris

584 3435 726 3485 sidus
748 3441 894 3503 sequi
914 3442 1112 3494 dicunt.

644 3511 825 3562 Aurata·
846 3517 1033 3579 templi]
1085 3522 1166 3570 Ex
1207 3524 1367 3575 Fastu
1401 3529 1648 3582 Romana

584 3589 985 3662 superstitionis.
1017 3595 1197 3647 Barth.

645 3669 711 3714 26
742 3667 1029 3728 Magneticu
1046 3687 1233 3733 gemma
1248 3678 1465 3745 figurat]
1527 3686 1650 3734 Tor·

580 3742 729 3796 natili
752 3747 986 3795 materia.
1024 3749 1179 3802 Idem.

644 3819 927 3881 magnetica
968 3838 1155 3884 gemma
1197 3828 1415 3894 figurat]
1500 3836 1648 3886 Unus

580 3895 727 3946 Med.
752 3903 807 3944 et
830 3897 1104 3950 Hafniens.
1126 3907 1393 3964 magnetica.-
1417 3910 1504 3958 alii
1524 3926 1649 3961 non·

582 3971 712 4020 nulli
735 3975 1008 4034 magnetida
1058 3977 1217 4026 Forte
1242 3985 1480 4042 magnesio
1489 4003 1510 4042 ,·
1525 4001 1646 4049 quo-

582 4047 735 4098 modo
766 4049 981 4099 Lucret.
1022 4051 1112 4101 lib.
1138 4067 1209 4104 vl.
1245 4059 1260 4082 ⁴
1280 4057 1517 4120 Magnesi
1558 4061 1648 4111 fla-

579 4122 717 4170 mina
750 4125 859 4172 saxi
888 4124 923 4184 ς’
959 4127 1034 4175 sic
1057 4130 1191 4176 enim
1238 4132 1526 4200 legendum,
1562 4140 1650 4188 vel

580 4199 1035 4261 magnesiaflamine
1054 4218 1194 4267 saxa,
1208 4220 1317 4256 non
1328 4208 1549 4274 flamine,
1566 4215 1650 4262 vel

577 4271 779 4324 senuna.
822 4275 1025 4332 Noster
1048 4293 1233 4344 supra:
1272 4283 1529 4336 ‘Pectora
1550 4285 1650 4339 las'·
1695 4281 1704 4284 ’

896 426 1109 476 NoTAE
1158 431 1561 483 VARIORUM
1605 435 1856 487 Dicta-¹
1893 441 2172 493 GLAUD.
2219 447 2498 500 XLVIII.

1727 578 1842 628 civo
1863 578 1992 630 flatu
2007 583 2271 635 Mavortia
2287 590 2493 640 nectit!
2555 585 2794 646 Morou·

1725 667 1830 703 ram
1853 666 2056 720 quoque
2073 664 2282 711 tenacem
2304 671 2358 714 et
2377 667 2617 730 spiramen
2641 675 2794 723 vocat

1727 737 1920 781 noster.
1987 734 2170 785 Cicero
2201 737 2440 790 Arateis:
2471 745 2488 770 ⁸
2507 745 2646 794 Nam
2666 761 2797 811 vquon·-

1731 820 1840 854 rum
1865 809 2054 871 stirpes
2070 813 2223 862 tellus
2241 817 2480 878 amplexa
2492 821 2795 887 prehendit,

1731 881 1864 930 Haec
1887 899 2080 947 augens
2099 888 2268 938 anima
2283 892 2422 940 vitali
2437 893 2646 945 flamine
2663 900 2793 947 mul-

1729 958 1846 1006 cet!
1914 961 2168 1011 Ausonius
2192 965 2242 1012 in
2280 968 2496 1018 Mosella
2526 971 2590 1019 de
2631 973 2794 1024 Dino&

1729 1034 1885 1082 chare
1911 1037 2232 1089 architecto:
2273 1044 2291 1068 ‘
2311 1043 2346 1093 J
2353 1059 2495 1092 ussus
2515 1047 2582 1094 ob
2605 1047 2796 1100 incesti

1641 1145 1654 1158 .
1729 1110 1816 1172 qui
1839 1113 2094 1174 quondam
2124 1114 2292 1164 foedus
2325 1121 2508 1168 amoris
2531 1121 2793 1174 Arsinoen

1729 1185 1906 1234 Pharii
1921 1190 2190 1252 suspendit
2209 1193 2258 1240 in
2289 1195 2410 1244 aere
2432 1199 2614 1262 templi
2637 1217 2650 1248 ε
2676 1203 2791 1265 Spi-

1731 1269 1812 1312 rat
1832 1266 1967 1312 enim
1993 1269 2120 1315 te'cti
2141 1270 2400 1319 testudine
2423 1274 2608 1323 chorus
2625 1275 2792 1326 Acha-

1730 1345 1828 1397 tes,
1859 1339 2224 1409 Adflatamque
2251 1349 2406 1398 trahit
2427 1349 2624 1402 ferrato
2649 1355 2794 1404 crine

1729 1415 1950 1474 puellam
1971 1416 2003 1462 :'
2051 1419 2140 1472 ubi
2163 1421 2403 1473 Achaten
2428 1441 2521 1488 pro
2549 1433 2792 1494 magnete

1729 1491 1934 1540 videtur
1954 1498 2214 1558 posuisse3
2249 1501 2340 1550 sed
2365 1504 2642 1566 legendum
2664 1509 2796 1558 Eous

1727 1567 1934 1618 Achates
1950 1587 1966 1618 .·
1997 1579 2055 1620 ut
2079 1575 2216 1636 apud
2239 1576 2464 1631 Statium
2485 1597 2498 1628 x
2533 1585 2548 1609 ‘
2569 1581 2796 1646 Jaspide

1726 1645 1893 1694 clarus
1913 1647 2055 1698 an!
2115 1652 2300 1703 Chorus
2321 1656 2419 1705 iste
2447 1659 2650 1708 Achates
2671 1659 2795 1724 quid

1725 1721 1820 1770 sibi
1843 1725 1988 1783 velit,
2003 1740 2153 1777 nemo
2177 1743 2265 1777 nos
2286 1730 2479 1782 docuit.
2545 1735 2795 1786 Bai-thius

1728 1800 2014 1860 reponebat
2033 1808 2195 1853 torvus
2212 1806 2434 1856 Achates.
2468 1810 2659 1860 Verius
2678 1827 2794 1894 nos?

1729 1883 1787 1922 ut
1810 1877 2026 1937 opinor:
2063 1894 2127 1928 ex
2153 1881 2307 1932 India
2327 1885 2520 1948 quippe
2563 1888 2792 1938 omnium

1729 1954 2182 2012 praestantissimas
2205 1959 2455 2022 ejusmodi
2477 1963 2686 2026 generis
2705 1965 2796 2014 ad·

1727 2024 1851 2074 ferri
1905 2043 2130 2090 gemmas
2171 2034 2225 2082 in
2278 2034 2511 2086 confesso
2555 2047 2658 2089 est.
2715 2042 2790 2092 D.

1729 2101 1901 2150 Heius.

1790 2181 1856 2226 28
1889 2180 2040 2230 Ducit
2059 2184 2260 2246 flamma
2293 2184 2478 2250 choros]
2513 2189 2620 2238 Fax
2657 2205 2790 2256 nup-

1728 2251 1878 2302 tialis.
1920 2255 2040 2304 Non
2065 2259 2200 2307 enim
2221 2262 2680 2314 committebantur
2701 2271 2790 2316 an-

1725 2328 1942 2391 tiquitus
1973 2334 2174 2395 nuptiae
2199 2336 2333 2384 citra
2355 2338 2604 2400 praelatas
2628 2339 2795 2408 faces,

1725 2411 1816 2453 aut
1837 2406 2066 2470 alioquin
2090 2409 2223 2472 ignis
2245 2411 2604 2466 ministerium.

1789 2479 1957 2542 Myrto
1977 2482 2170 2531 Limina
2189 2484 2470 2550 diriguntur]
2493 2490 2568 2539 Ut
2580 2491 2791 2543 solitum

1725 2555 2043 2617 nuptialibus
2067 2556 2232 2608 festis.
2266 2560 2444 2612 Barth.

1785 2633 1850 2678 30
1883 2632 2106 2680 Floribus
2133 2640 2181 2683 et
2203 2635 2454 2702 thalamos]
2513 2643 2792 2695 Thalamum

1720 2705 1960 2756 meliores
2007 2717 2202 2771 proeter
2255 2713 2406 2775 prim.
2462 2717 2791 2772 Vaticanum.

1719 2781 1788 2831 D.
1823 2782 1995 2834 Heius.

1783 2855 1996 2921 Dotalis]
2073 2861 2304 2927 Dotalia,
2357 2867 2552 2921 Latinis
2609 2871 2793 2938 etiam,

1722 2947 1839 2995 quae
1861 2936 2076 2985 maritus
2101 2945 2192 2988 aut
2222 2955 2441 3003 sponsus
2463 2959 2670 3008 sponsae
2695 2963 2788 2998 ux-

1724 3007 1866 3056 orive
1890 3009 2120 3062 confert.

1789 3083 2013 3147 Purpura
2033 3088 2182 3151 velat]
2215 3091 2524 3144 Exstructus
2562 3113 2792 3162 purpura

1725 3160 1991 3210 thalamus.
2026 3163 2205 3216 Barth.

1789 3239 1854 3284 32
1889 3229 2068 3299 Sponte
2101 3241 2254 3302 rapit]
2326 3243 2562 3296 Attrahit
2599 3248 2793 3299 vlolen-

1725 3315 1826 3360 ter.
1891 3311 2212 3376 Augustinus
2245 3317 2312 3367 de
2353 3321 2508 3371 civit.
2537 3323 2636 3372 lib.
2671 3339 2791 3377 111.

1723 3537 1884 3586 Marti
1903 3551 2106 3590 annexa
2125 3553 2338 3607 reperta
2357 3553 2415 3597 et
2433 3535 2602 3601 affixa.
2658 3553 2789 3602 Bar·-

1723 3611 1868 3661 thius.

1787 3692 1850 3737 36
1892 3690 2051 3756 Vivis]
2084 3695 2245 3744 Vivos
2275 3699 2494 3750 maxime
2517 3703 2788 3756 referenti-

1725 3763 1838 3814 bus.
1871 3766 2021 3816 Idem

1788 3844 1852 3888 36
1885 3841 2174 3903 Spiraminis
2193 3849 2324 3911 actu]
2383 3851 2491 3902 Ictu
2510 3855 2632 3904 olim
2649 3857 2788 3921 lege-

1725 3913 1872 3976 bam3
1923 3931 2058 3966 nunc
2099 3927 2252 3970 oestu:
2301 3928 2557 3987 quomodo
2597 3931 2788 3982 Lucre-

1725 3989 1826 4038 tius
1851 4005 2012 4053 saepe,
2045 3993 2134 4042 ubi
2172 3996 2237 4044 de
2273 4009 2513 4063 magnete
2535 4006 2660 4068 agit.
2723 4007 2790 4056 'rb

1724 4065 1822 4112 ictu
1843 4080 1874 4112 a
1899 4067 2196 4118 Buslidiano
2219 4073 2398 4123 codice
2433 4077 2786 4133 confirmatur.

1725 4135 1792 4188 D.
1825 4141 1990 4189 Heius.
2037 4176 2045 4185 .

1788 4221 1850 4265 37
1887 4217 2088 4268 Gemma
2109 4223 2168 4271 de
2187 4227 2406 4289 conjuge]
2461 4228 2622 4283 Amat
2649 4234 2785 4286 enim

1724 4291 1942 4356 Magnes
1965 4293 2176 4348 ferrum.
2208 4299 2384 4354 Barth.
