<?xml version="1.0" encoding="UTF-8"?>
<!DOCTYPE html PUBLIC "-//W3C//DTD XHTML 1.0 Transitional//EN"
    "http://www.w3.org/TR/xhtml1/DTD/xhtml1-transitional.dtd">
<html xmlns="http://www.w3.org/1999/xhtml" xml:lang="en" lang="en">
 <head>
  <title>
</title>
<meta http-equiv="Content-Type" content="text/html;charset=utf-8" />
  <meta name='ocr-system' content='tesseract 3.04.00' />
  <meta name='ocr-capabilities' content='ocr_page ocr_carea ocr_par ocr_line ocrx_word'/>
</head>
<body>
  <div class='ocr_page' id='page_1' title='image "./operaomnia01claugoog/operaomnia01claugoog_0323.png"; bbox 0 0 3167 4984; ppageno 0'>
   <div class='ocr_carea' id='block_1_1' title="bbox 698 347 2650 416">
    <p class='ocr_par' dir='ltr' id='par_1_1' title="bbox 698 347 2650 416">
     <span class='ocr_line' id='line_1_1' title="bbox 698 347 2650 416; baseline 0.005 -10"><span class='ocrx_word' id='word_1_1' title='bbox 698 357 782 406; x_wconf 78' lang='grc' dir='ltr'><strong>ιιι</strong></span> <span class='ocrx_word' id='word_1_2' title='bbox 831 354 1379 415; x_wconf 59' lang='lat' dir='ltr'><strong>Binumuncls</strong></span> <span class='ocrx_word' id='word_1_3' title='bbox 1405 356 1666 412; x_wconf 48' lang='grc' dir='ltr'><strong>ιιιιιΜ»</strong></span> <span class='ocrx_word' id='word_1_4' title='bbox 1707 359 2347 414; x_wconf 66' lang='grc' dir='ltr'><strong>Αθειικιειιτοιιιιιι.</strong></span> <span class='ocrx_word' id='word_1_5' title='bbox 2453 347 2650 416; x_wconf 66' lang='lat' dir='ltr'><strong>lm*</strong></span> 
     </span>
    </p>
   </div>
   <div class='ocr_carea' id='block_1_2' title="bbox 406 501 2652 2844">
    <p class='ocr_par' dir='ltr' id='par_1_2' title="bbox 406 501 2652 2030">
     <span class='ocr_line' id='line_1_2' title="bbox 406 501 2638 594; baseline 0.001 -14"><span class='ocrx_word' id='word_1_6' title='bbox 406 501 701 584; x_wconf 62' lang='lat' dir='ltr'><strong>Groems</strong></span> <span class='ocrx_word' id='word_1_7' title='bbox 714 529 915 594; x_wconf 70' lang='lat' dir='ltr'><strong>quam</strong></span> <span class='ocrx_word' id='word_1_8' title='bbox 934 508 1231 587; x_wconf 60' lang='lat' dir='ltr'><strong>Latmia,</strong></span> <span class='ocrx_word' id='word_1_9' title='bbox 1254 514 1575 576; x_wconf 72' lang='lat' dir='ltr'><strong>nactatns</strong></span> <span class='ocrx_word' id='word_1_10' title='bbox 1604 514 1670 574; x_wconf 87' lang='lat' dir='ltr'><strong>et</strong></span> <span class='ocrx_word' id='word_1_11' title='bbox 1691 508 2006 593; x_wconf 74' lang='lat' dir='ltr'><strong>poemata</strong></span> <span class='ocrx_word' id='word_1_12' title='bbox 2035 521 2388 580; x_wconf 77' lang='lat' dir='ltr'><strong>auctorum</strong></span> <span class='ocrx_word' id='word_1_13' title='bbox 2419 517 2638 583; x_wconf 64' lang='lat' dir='ltr'><strong>diva-</strong></span> 
     </span>
     <span class='ocr_line' id='line_1_3' title="bbox 413 612 2636 696; baseline 0.003 -18"><span class='ocrx_word' id='word_1_14' title='bbox 413 631 649 685; x_wconf 71' lang='lat' dir='ltr'><strong>eorum</strong></span> <span class='ocrx_word' id='word_1_15' title='bbox 668 632 855 696; x_wconf 75' lang='lat' dir='ltr'><strong>saepe</strong></span> <span class='ocrx_word' id='word_1_16' title='bbox 874 612 1424 691; x_wconf 55' lang='lat' dir='ltr'><strong>nomismatum</strong></span> <span class='ocrx_word' id='word_1_17' title='bbox 1454 617 1525 676; x_wconf 86' lang='lat' dir='ltr'><strong>et</strong></span> <span class='ocrx_word' id='word_1_18' title='bbox 1536 612 1782 696; x_wconf 86' lang='lat' dir='ltr'><strong>cuique</strong></span> <span class='ocrx_word' id='word_1_19' title='bbox 1797 632 1994 678; x_wconf 84' lang='lat' dir='ltr'><strong>suum</strong></span> <span class='ocrx_word' id='word_1_20' title='bbox 2015 615 2176 678; x_wconf 80' lang='lat' dir='ltr'><strong>dare</strong></span> <span class='ocrx_word' id='word_1_21' title='bbox 2194 619 2364 681; x_wconf 79' lang='lat' dir='ltr'><strong>artis</strong></span> <span class='ocrx_word' id='word_1_22' title='bbox 2387 625 2494 683; x_wconf 86' lang='lat' dir='ltr'><strong>est</strong></span> <span class='ocrx_word' id='word_1_23' title='bbox 2509 620 2636 684; x_wconf 77' lang='lat' dir='ltr'><strong>cri·-</strong></span> 
     </span>
     <span class='ocr_line' id='line_1_4' title="bbox 414 713 2637 806; baseline 0.001 -22"><span class='ocrx_word' id='word_1_24' title='bbox 414 715 603 786; x_wconf 63' lang='lat' dir='ltr'><strong>(iem.</strong></span> <span class='ocrx_word' id='word_1_25' title='bbox 676 714 1013 784; x_wconf 80' lang='lat' dir='ltr'><strong>Lactamtii</strong></span> <span class='ocrx_word' id='word_1_26' title='bbox 1030 715 1241 780; x_wconf 78' lang='lat' dir='ltr'><strong>editio</strong></span> <span class='ocrx_word' id='word_1_27' title='bbox 1266 715 1549 798; x_wconf 81' lang='lat' dir='ltr'><strong>optima,</strong></span> <span class='ocrx_word' id='word_1_28' title='bbox 1572 713 1784 796; x_wconf 79' lang='lat' dir='ltr'><strong>Lngd.</strong></span> <span class='ocrx_word' id='word_1_29' title='bbox 1805 715 1960 781; x_wconf 87' lang='lat' dir='ltr'><strong>Bat.</strong></span> <span class='ocrx_word' id='word_1_30' title='bbox 1982 737 2252 782; x_wconf 80' lang='lat' dir='ltr'><strong>carmen</strong></span> <span class='ocrx_word' id='word_1_31' title='bbox 2265 722 2396 784; x_wconf 85' lang='lat' dir='ltr'><strong>hoe</strong></span> <span class='ocrx_word' id='word_1_32' title='bbox 2419 723 2637 806; x_wconf 82' lang='lat' dir='ltr'><strong>operi-</strong></span> 
     </span>
     <span class='ocr_line' id='line_1_5' title="bbox 438 817 2652 910; baseline 0.003 -26"><span class='ocrx_word' id='word_1_33' title='bbox 438 817 579 886; x_wconf 72' lang='lat' dir='ltr'><strong>bus</strong></span> <span class='ocrx_word' id='word_1_34' title='bbox 586 817 1297 904; x_wconf 72' lang='lat' dir='ltr'><strong>Lacmntiisubjungit,</strong></span> <span class='ocrx_word' id='word_1_35' title='bbox 1310 818 1429 884; x_wconf 81' lang='lat' dir='ltr'><strong>sed</strong></span> <span class='ocrx_word' id='word_1_36' title='bbox 1447 837 1492 882; x_wconf 85' lang='lat' dir='ltr'><strong>a</strong></span> <span class='ocrx_word' id='word_1_37' title='bbox 1510 819 1863 884; x_wconf 66' lang='lat' dir='ltr'><strong>lactantio</strong></span> <span class='ocrx_word' id='word_1_38' title='bbox 1883 821 2252 904; x_wconf 68' lang='lat' dir='ltr'><strong>abjudicat,</strong></span> <span class='ocrx_word' id='word_1_39' title='bbox 2261 828 2464 907; x_wconf 82' lang='lat' dir='ltr'><strong>atque</strong></span> <span class='ocrx_word' id='word_1_40' title='bbox 2475 843 2652 910; x_wconf 24' lang='lat' dir='ltr'><strong>auc--</strong></span> 
     </span>
     <span class='ocr_line' id='line_1_6' title="bbox 407 921 2646 1005; baseline 0.002 -17"><span class='ocrx_word' id='word_1_41' title='bbox 407 923 539 988; x_wconf 69' lang='lat' dir='ltr'><strong>mi</strong></span> <span class='ocrx_word' id='word_1_42' title='bbox 562 922 809 988; x_wconf 74' lang='lat' dir='ltr'><strong>incerti</strong></span> <span class='ocrx_word' id='word_1_43' title='bbox 829 923 1120 986; x_wconf 89' lang='lat' dir='ltr'><strong>nominis</strong></span> <span class='ocrx_word' id='word_1_44' title='bbox 1144 924 1460 1005; x_wconf 72' lang='lat' dir='ltr'><strong>assignat.</strong></span> <span class='ocrx_word' id='word_1_45' title='bbox 1573 921 1732 988; x_wconf 85' lang='lat' dir='ltr'><strong>Non</strong></span> <span class='ocrx_word' id='word_1_46' title='bbox 1759 929 1975 988; x_wconf 81' lang='lat' dir='ltr'><strong>tamen</strong></span> <span class='ocrx_word' id='word_1_47' title='bbox 2005 923 2384 991; x_wconf 83' lang='lat' dir='ltr'><strong>Claudiano</strong></span> <span class='ocrx_word' id='word_1_48' title='bbox 2411 933 2646 993; x_wconf 79' lang='lat' dir='ltr'><strong>nostro</strong></span> 
     </span>
     <span class='ocr_line' id='line_1_7' title="bbox 419 1021 2644 1110; baseline 0.004 -22"><span class='ocrx_word' id='word_1_49' title='bbox 419 1023 557 1088; x_wconf 64' lang='lat' dir='ltr'><strong>‚hoc</strong></span> <span class='ocrx_word' id='word_1_50' title='bbox 586 1021 979 1105; x_wconf 68' lang='lat' dir='ltr'><strong>poemation</strong></span> <span class='ocrx_word' id='word_1_51' title='bbox 1009 1023 1395 1108; x_wconf 81' lang='lat' dir='ltr'><strong>adjudicare</strong></span> <span class='ocrx_word' id='word_1_52' title='bbox 1436 1024 1767 1110; x_wconf 84' lang='lat' dir='ltr'><strong>cupimus.</strong></span> <span class='ocrx_word' id='word_1_53' title='bbox 1859 1024 2169 1096; x_wconf 78' lang='lat' dir='ltr'><strong>Carmina</strong></span> <span class='ocrx_word' id='word_1_54' title='bbox 2197 1027 2331 1093; x_wconf 88' lang='lat' dir='ltr'><strong>duo</strong></span> <span class='ocrx_word' id='word_1_55' title='bbox 2359 1037 2538 1108; x_wconf 65' lang='lat' dir='ltr'><strong>sunt,</strong></span> <span class='ocrx_word' id='word_1_56' title='bbox 2568 1036 2644 1097; x_wconf 80' lang='lat' dir='ltr'><strong>ut</strong></span> 
     </span>
     <span class='ocr_line' id='line_1_8' title="bbox 415 1125 2638 1210; baseline 0.002 -20"><span class='ocrx_word' id='word_1_57' title='bbox 415 1125 597 1190; x_wconf 85' lang='lat' dir='ltr'><strong>bene</strong></span> <span class='ocrx_word' id='word_1_58' title='bbox 625 1130 855 1190; x_wconf 88' lang='lat' dir='ltr'><strong>notum</strong></span> <span class='ocrx_word' id='word_1_59' title='bbox 886 1131 1010 1203; x_wconf 91' lang='lat' dir='ltr'><strong>est,</strong></span> <span class='ocrx_word' id='word_1_60' title='bbox 1040 1125 1126 1189; x_wconf 91' lang='lat' dir='ltr'><strong>de</strong></span> <span class='ocrx_word' id='word_1_61' title='bbox 1180 1125 1527 1203; x_wconf 79' lang='lat' dir='ltr'><strong>Phoenice,</strong></span> <span class='ocrx_word' id='word_1_62' title='bbox 1580 1126 1886 1210; x_wconf 89' lang='lat' dir='ltr'><strong>ejusdem</strong></span> <span class='ocrx_word' id='word_1_63' title='bbox 1935 1130 2324 1208; x_wconf 88' lang='lat' dir='ltr'><strong>argumenti,</strong></span> <span class='ocrx_word' id='word_1_64' title='bbox 2364 1150 2638 1196; x_wconf 87' lang='lat' dir='ltr'><strong>oecono-</strong></span> 
     </span>
     <span class='ocr_line' id='line_1_9' title="bbox 418 1227 2639 1314; baseline 0.002 -23"><span class='ocrx_word' id='word_1_65' title='bbox 418 1228 603 1304; x_wconf 69' lang='lat' dir='ltr'><strong>mim,</strong></span> <span class='ocrx_word' id='word_1_66' title='bbox 634 1227 1045 1310; x_wconf 83' lang='lat' dir='ltr'><strong>spiritusque</strong></span> <span class='ocrx_word' id='word_1_67' title='bbox 1092 1227 1366 1311; x_wconf 66' lang='lat' dir='ltr'><strong>poetici,</strong></span> <span class='ocrx_word' id='word_1_68' title='bbox 1411 1228 1794 1294; x_wconf 78' lang='lat' dir='ltr'><strong>redolentia.</strong></span> <span class='ocrx_word' id='word_1_69' title='bbox 1883 1227 2056 1292; x_wconf 90' lang='lat' dir='ltr'><strong>Cum</strong></span> <span class='ocrx_word' id='word_1_70' title='bbox 2101 1247 2264 1293; x_wconf 85' lang='lat' dir='ltr'><strong>vero</strong></span> <span class='ocrx_word' id='word_1_71' title='bbox 2311 1249 2444 1295; x_wconf 90' lang='lat' dir='ltr'><strong>non</strong></span> <span class='ocrx_word' id='word_1_72' title='bbox 2475 1252 2639 1314; x_wconf 88' lang='lat' dir='ltr'><strong>pos·</strong></span> 
     </span>
     <span class='ocr_line' id='line_1_10' title="bbox 420 1328 2644 1414; baseline 0.002 -20"><span class='ocrx_word' id='word_1_73' title='bbox 420 1330 635 1394; x_wconf 83' lang='lat' dir='ltr'><strong>simus</strong></span> <span class='ocrx_word' id='word_1_74' title='bbox 664 1329 948 1414; x_wconf 89' lang='lat' dir='ltr'><strong>opinari,</strong></span> <span class='ocrx_word' id='word_1_75' title='bbox 1005 1328 1451 1395; x_wconf 84' lang='lat' dir='ltr'><strong>Claudianum</strong></span> <span class='ocrx_word' id='word_1_76' title='bbox 1503 1331 1641 1395; x_wconf 92' lang='lat' dir='ltr'><strong>duo</strong></span> <span class='ocrx_word' id='word_1_77' title='bbox 1673 1331 1970 1396; x_wconf 87' lang='lat' dir='ltr'><strong>carmina</strong></span> <span class='ocrx_word' id='word_1_78' title='bbox 2009 1331 2094 1396; x_wconf 91' lang='lat' dir='ltr'><strong>de</strong></span> <span class='ocrx_word' id='word_1_79' title='bbox 2123 1329 2354 1395; x_wconf 88' lang='lat' dir='ltr'><strong>eadem</strong></span> <span class='ocrx_word' id='word_1_80' title='bbox 2381 1333 2644 1414; x_wconf 85' lang='lat' dir='ltr'><strong>fabula,</strong></span> 
     </span>
     <span class='ocr_line' id='line_1_11' title="bbox 417 1431 2638 1518; baseline 0.002 -22"><span class='ocrx_word' id='word_1_81' title='bbox 417 1435 504 1496; x_wconf 73' lang='lat' dir='ltr'><strong>ot·</strong></span> <span class='ocrx_word' id='word_1_82' title='bbox 542 1431 849 1515; x_wconf 74' lang='lat' dir='ltr'><strong>ejmdem</strong></span> <span class='ocrx_word' id='word_1_83' title='bbox 901 1432 1231 1512; x_wconf 65' lang='lat' dir='ltr'><strong>materia),</strong></span> <span class='ocrx_word' id='word_1_84' title='bbox 1282 1435 1770 1518; x_wconf 72' lang='lat' dir='ltr'><strong>composuisse,</strong></span> <span class='ocrx_word' id='word_1_85' title='bbox 1817 1451 1969 1497; x_wconf 86' lang='lat' dir='ltr'><strong>cum</strong></span> <span class='ocrx_word' id='word_1_86' title='bbox 2023 1431 2330 1498; x_wconf 80' lang='lat' dir='ltr'><strong>Gesnero</strong></span> <span class='ocrx_word' id='word_1_87' title='bbox 2395 1431 2638 1516; x_wconf 76' lang='lat' dir='ltr'><strong>putan-</strong></span> 
     </span>
     <span class='ocr_line' id='line_1_12' title="bbox 417 1532 2640 1620; baseline 0.002 -22"><span class='ocrx_word' id='word_1_88' title='bbox 417 1532 583 1600; x_wconf 78' lang='lat' dir='ltr'><strong>dum</strong></span> <span class='ocrx_word' id='word_1_89' title='bbox 636 1539 763 1613; x_wconf 82' lang='lat' dir='ltr'><strong>ost,</strong></span> <span class='ocrx_word' id='word_1_90' title='bbox 830 1553 1039 1600; x_wconf 86' lang='lat' dir='ltr'><strong>unum</strong></span> <span class='ocrx_word' id='word_1_91' title='bbox 1100 1537 1369 1601; x_wconf 75' lang='lat' dir='ltr'><strong>alterius</strong></span> <span class='ocrx_word' id='word_1_92' title='bbox 1414 1535 1853 1602; x_wconf 79' lang='lat' dir='ltr'><strong>imitationem</strong></span> <span class='ocrx_word' id='word_1_93' title='bbox 1904 1535 2136 1600; x_wconf 83' lang='lat' dir='ltr'><strong>fuisse.</strong></span> <span class='ocrx_word' id='word_1_94' title='bbox 2261 1533 2640 1620; x_wconf 77' lang='lat' dir='ltr'><strong>Rhythmus</strong></span> 
     </span>
     <span class='ocr_line' id='line_1_13' title="bbox 418 1635 2642 1718; baseline 0.002 -17"><span class='ocrx_word' id='word_1_95' title='bbox 418 1635 683 1718; x_wconf 81' lang='lat' dir='ltr'><strong>elegiae,</strong></span> <span class='ocrx_word' id='word_1_96' title='bbox 708 1656 797 1702; x_wconf 87' lang='lat' dir='ltr'><strong>ne</strong></span> <span class='ocrx_word' id='word_1_97' title='bbox 824 1639 1022 1702; x_wconf 79' lang='lat' dir='ltr'><strong>nimis</strong></span> <span class='ocrx_word' id='word_1_98' title='bbox 1068 1639 1301 1716; x_wconf 75' lang='lat' dir='ltr'><strong>simuS,</strong></span> <span class='ocrx_word' id='word_1_99' title='bbox 1338 1658 1470 1702; x_wconf 89' lang='lat' dir='ltr'><strong>non</strong></span> <span class='ocrx_word' id='word_1_100' title='bbox 1518 1639 1784 1704; x_wconf 81' lang='lat' dir='ltr'><strong>videtur</strong></span> <span class='ocrx_word' id='word_1_101' title='bbox 1807 1657 1957 1702; x_wconf 86' lang='lat' dir='ltr'><strong>esse</strong></span> <span class='ocrx_word' id='word_1_102' title='bbox 1983 1637 2371 1704; x_wconf 83' lang='lat' dir='ltr'><strong>Claudiani.</strong></span> <span class='ocrx_word' id='word_1_103' title='bbox 2455 1639 2642 1705; x_wconf 84' lang='lat' dir='ltr'><strong>Dum</strong></span> 
     </span>
     <span class='ocr_line' id='line_1_14' title="bbox 418 1738 2640 1825; baseline 0.002 -23"><span class='ocrx_word' id='word_1_104' title='bbox 418 1738 570 1803; x_wconf 76' lang='lat' dir='ltr'><strong>haec</strong></span> <span class='ocrx_word' id='word_1_105' title='bbox 600 1739 741 1803; x_wconf 84' lang='lat' dir='ltr'><strong>sub·</strong></span> <span class='ocrx_word' id='word_1_106' title='bbox 755 1741 969 1822; x_wconf 84' lang='lat' dir='ltr'><strong>praelo</strong></span> <span class='ocrx_word' id='word_1_107' title='bbox 999 1747 1175 1818; x_wconf 90' lang='lat' dir='ltr'><strong>sunt,</strong></span> <span class='ocrx_word' id='word_1_108' title='bbox 1203 1745 1399 1823; x_wconf 87' lang='lat' dir='ltr'><strong>rogat</strong></span> <span class='ocrx_word' id='word_1_109' title='bbox 1443 1741 1545 1806; x_wconf 85' lang='lat' dir='ltr'><strong>vir</strong></span> <span class='ocrx_word' id='word_1_110' title='bbox 1591 1742 1873 1822; x_wconf 77' lang='lat' dir='ltr'><strong>amicus,</strong></span> <span class='ocrx_word' id='word_1_111' title='bbox 1907 1760 1994 1804; x_wconf 88' lang='lat' dir='ltr'><strong>an</strong></span> <span class='ocrx_word' id='word_1_112' title='bbox 2023 1741 2226 1804; x_wconf 88' lang='lat' dir='ltr'><strong>talem</strong></span> <span class='ocrx_word' id='word_1_113' title='bbox 2252 1741 2640 1825; x_wconf 75' lang='lat' dir='ltr'><strong>prosodiam</strong></span> 
     </span>
     <span class='ocr_line' id='line_1_15' title="bbox 421 1841 2192 1926; baseline 0.002 -21"><span class='ocrx_word' id='word_1_114' title='bbox 421 1841 552 1905; x_wconf 81' lang='lat' dir='ltr'><strong>sub</strong></span> <span class='ocrx_word' id='word_1_115' title='bbox 580 1841 787 1908; x_wconf 56' lang='lat' dir='ltr'><strong>initio*</strong></span> <span class='ocrx_word' id='word_1_116' title='bbox 803 1844 1207 1926; x_wconf 76' lang='lat' dir='ltr'><strong>pentametri</strong></span> <span class='ocrx_word' id='word_1_117' title='bbox 1236 1842 1650 1910; x_wconf 78' lang='lat' dir='ltr'><strong>exhibuisset</strong></span> <span class='ocrx_word' id='word_1_118' title='bbox 1680 1843 2134 1910; x_wconf 82' lang='lat' dir='ltr'><strong>Claudianus:</strong></span> <span class='ocrx_word' id='word_1_119' title='bbox 2185 1868 2192 1874; x_wconf 89' lang='lat'><strong>·</strong></span> 
     </span>
     <span class='ocr_line' id='line_1_16' title="bbox 665 1943 2404 2030; baseline 0.002 -23"><span class='ocrx_word' id='word_1_120' title='bbox 665 1946 687 1977; x_wconf 91' lang='lat'>‘</span> <span class='ocrx_word' id='word_1_121' title='bbox 719 1943 1101 2009; x_wconf 87' lang='lat' dir='ltr'><strong>Duodecies</strong></span> <span class='ocrx_word' id='word_1_122' title='bbox 1130 1947 1329 2010; x_wconf 89' lang='lat' dir='ltr'><strong>undis</strong></span> <span class='ocrx_word' id='word_1_123' title='bbox 1356 1946 1594 2030; x_wconf 86' lang='lat' dir='ltr'><strong>irrigat</strong></span> <span class='ocrx_word' id='word_1_124' title='bbox 1623 1966 1816 2011; x_wconf 90' lang='lat' dir='ltr'><strong>omne</strong></span> <span class='ocrx_word' id='word_1_125' title='bbox 1843 1945 2127 2012; x_wconf 88' lang='lat' dir='ltr'><strong>nemus.’</strong></span> <span class='ocrx_word' id='word_1_126' title='bbox 2156 1966 2260 2012; x_wconf 85' lang='lat' dir='ltr'><strong>vs.</strong></span> <span class='ocrx_word' id='word_1_127' title='bbox 2291 1945 2404 2012; x_wconf 84' lang='grc'><strong>28.</strong></span> 
     </span>
    </p>

    <p class='ocr_par' dir='ltr' id='par_1_3' title="bbox 425 2032 2640 2338">
     <span class='ocr_line' id='line_1_17' title="bbox 520 2032 2639 2114; baseline 0.001 -3"><span class='ocrx_word' id='word_1_128' title='bbox 520 2035 775 2111; x_wconf 60' lang='lat' dir='ltr'><strong>codices·</strong></span> <span class='ocrx_word' id='word_1_129' title='bbox 830 2043 1297 2113; x_wconf 62' lang='lat' dir='ltr'><strong>Der-viniani..</strong></span> <span class='ocrx_word' id='word_1_130' title='bbox 1350 2063 1429 2111; x_wconf 82' lang='lat' dir='ltr'><strong>x.</strong></span> <span class='ocrx_word' id='word_1_131' title='bbox 1475 2048 1537 2111; x_wconf 88' lang='lat'><strong>1.</strong></span> <span class='ocrx_word' id='word_1_132' title='bbox 1578 2049 1646 2112; x_wconf 79' lang='lat' dir='ltr'><strong>e.</strong></span> <span class='ocrx_word' id='word_1_133' title='bbox 1682 2047 1784 2114; x_wconf 76' lang='lat'><strong>13.</strong></span> <span class='ocrx_word' id='word_1_134' title='bbox 1815 2067 1972 2112; x_wconf 80' lang='lat' dir='ltr'><strong>cum</strong></span> <span class='ocrx_word' id='word_1_135' title='bbox 2020 2035 2192 2112; x_wconf 60' lang='lat' dir='ltr'><strong>anis·</strong></span> <span class='ocrx_word' id='word_1_136' title='bbox 2221 2032 2639 2114; x_wconf 58' lang='lat' dir='ltr'><strong>collationem</strong></span> 
     </span>
     <span class='ocr_line' id='line_1_18' title="bbox 425 2143 2640 2236; baseline 0 -24"><span class='ocrx_word' id='word_1_137' title='bbox 425 2145 719 2212; x_wconf 77' lang='lat' dir='ltr'><strong>eontinet</strong></span> <span class='ocrx_word' id='word_1_138' title='bbox 760 2145 1116 2214; x_wconf 79' lang='lat' dir='ltr'><strong>Claudiani</strong></span> <span class='ocrx_word' id='word_1_139' title='bbox 1152 2151 1219 2214; x_wconf 87' lang='lat' dir='ltr'><strong>in</strong></span> <span class='ocrx_word' id='word_1_140' title='bbox 1254 2149 1584 2214; x_wconf 81' lang='lat' dir='ltr'><strong>-Rufinum</strong></span> <span class='ocrx_word' id='word_1_141' title='bbox 1632 2169 1791 2214; x_wconf 85' lang='lat' dir='ltr'><strong>cum</strong></span> <span class='ocrx_word' id='word_1_142' title='bbox 1855 2149 1995 2214; x_wconf 81' lang='lat' dir='ltr'><strong>Ms.</strong></span> <span class='ocrx_word' id='word_1_143' title='bbox 2023 2143 2396 2230; x_wconf 80' lang='lat' dir='ltr'><strong>Parmensi,</strong></span> <span class='ocrx_word' id='word_1_144' title='bbox 2426 2170 2541 2236; x_wconf 87' lang='lat' dir='ltr'><strong>pp.</strong></span> <span class='ocrx_word' id='word_1_145' title='bbox 2571 2152 2640 2217; x_wconf 88' lang='grc'><strong>5.</strong></span> 
     </span>
     <span class='ocr_line' id='line_1_19' title="bbox 425 2243 2508 2338; baseline 0.002 -24"><span class='ocrx_word' id='word_1_146' title='bbox 425 2247 817 2334; x_wconf 46' lang='lat' dir='ltr'><strong>&amp;Raptum</strong></span> <span class='ocrx_word' id='word_1_147' title='bbox 846 2249 1277 2335; x_wconf 75' lang='lat' dir='ltr'><strong>Proserpinae</strong></span> <span class='ocrx_word' id='word_1_148' title='bbox 1294 2243 1461 2317; x_wconf 77' lang='lat' dir='ltr'><strong>cum</strong></span> <span class='ocrx_word' id='word_1_149' title='bbox 1484 2251 1745 2318; x_wconf 80' lang='lat' dir='ltr'><strong>Codice</strong></span> <span class='ocrx_word' id='word_1_150' title='bbox 1773 2251 2264 2318; x_wconf 79' lang='lat' dir='ltr'><strong>Mediolanensi</strong></span> <span class='ocrx_word' id='word_1_151' title='bbox 2291 2269 2412 2338; x_wconf 87' lang='lat' dir='ltr'><strong>pp.</strong></span> <span class='ocrx_word' id='word_1_152' title='bbox 2441 2255 2508 2319; x_wconf 91' lang='grc'><strong>5.</strong></span> 
     </span>
    </p>

    <p class='ocr_par' dir='ltr' id='par_1_4' title="bbox 426 2351 2640 2520">
     <span class='ocr_line' id='line_1_20' title="bbox 518 2351 2640 2437; baseline 0.001 -23"><span class='ocrx_word' id='word_1_153' title='bbox 518 2365 600 2416; x_wconf 80' lang='lat' dir='ltr'><strong>x.</strong></span> <span class='ocrx_word' id='word_1_154' title='bbox 630 2351 695 2416; x_wconf 92' lang='grc'><strong>2.</strong></span> <span class='ocrx_word' id='word_1_155' title='bbox 722 2351 790 2417; x_wconf 89' lang='grc'><strong>2.</strong></span> <span class='ocrx_word' id='word_1_156' title='bbox 816 2352 879 2417; x_wconf 88' lang='grc'><strong>1.</strong></span> <span class='ocrx_word' id='word_1_157' title='bbox 910 2351 1327 2418; x_wconf 88' lang='lat' dir='ltr'><strong>Claudianus</strong></span> <span class='ocrx_word' id='word_1_158' title='bbox 1354 2354 1425 2418; x_wconf 89' lang='lat' dir='ltr'><strong>in</strong></span> <span class='ocrx_word' id='word_1_159' title='bbox 1443 2371 1642 2418; x_wconf 85' lang='lat' dir='ltr'><strong>usum</strong></span> <span class='ocrx_word' id='word_1_160' title='bbox 1668 2354 1990 2437; x_wconf 89' lang='lat' dir='ltr'><strong>Delphini</strong></span> <span class='ocrx_word' id='word_1_161' title='bbox 2020 2353 2218 2420; x_wconf 81' lang='grc'><strong>1677.</strong></span> <span class='ocrx_word' id='word_1_162' title='bbox 2248 2371 2402 2418; x_wconf 88' lang='lat' dir='ltr'><strong>cum</strong></span> <span class='ocrx_word' id='word_1_163' title='bbox 2427 2353 2640 2419; x_wconf 73' lang='lat' dir='ltr'><strong>variis</strong></span> 
     </span>
     <span class='ocr_line' id='line_1_21' title="bbox 426 2449 1039 2520; baseline 0 -2"><span class='ocrx_word' id='word_1_164' title='bbox 426 2449 831 2520; x_wconf 79' lang='lat' dir='ltr'><strong>lectionibus</strong></span> <span class='ocrx_word' id='word_1_165' title='bbox 862 2453 1039 2518; x_wconf 82' lang='lat' dir='ltr'><strong>Mss-</strong></span> 
     </span>
    </p>

    <p class='ocr_par' dir='ltr' id='par_1_5' title="bbox 428 2555 2650 2844">
     <span class='ocr_line' id='line_1_22' title="bbox 444 2555 2642 2640; baseline -0 -19.966"><span class='ocrx_word' id='word_1_166' title='bbox 444 2555 933 2622; x_wconf 76' lang='lat' dir='ltr'><strong>--Claudianus</strong></span> <span class='ocrx_word' id='word_1_167' title='bbox 1008 2556 1191 2640; x_wconf 86' lang='lat' dir='ltr'><strong>apud</strong></span> <span class='ocrx_word' id='word_1_168' title='bbox 1242 2556 1640 2636; x_wconf 73' lang='lat' dir='ltr'><strong>Colinoeum,</strong></span> <span class='ocrx_word' id='word_1_169' title='bbox 1691 2556 1979 2622; x_wconf 83' lang='lat' dir='ltr'><strong>Parisiis</strong></span> <span class='ocrx_word' id='word_1_170' title='bbox 2029 2557 2226 2622; x_wconf 88' lang='grc'><strong>1580.</strong></span> <span class='ocrx_word' id='word_1_171' title='bbox 2282 2558 2440 2623; x_wconf 78' lang='lat' dir='ltr'><strong>Svo·</strong></span> <span class='ocrx_word' id='word_1_172' title='bbox 2485 2573 2642 2621; x_wconf 81' lang='lat' dir='ltr'><strong>enm</strong></span> 
     </span>
     <span class='ocr_line' id='line_1_23' title="bbox 428 2655 2642 2756; baseline 0.001 -35"><span class='ocrx_word' id='word_1_173' title='bbox 428 2659 607 2723; x_wconf 78' lang='lat' dir='ltr'><strong>notis</strong></span> <span class='ocrx_word' id='word_1_174' title='bbox 652 2659 932 2724; x_wconf 82' lang='lat' dir='ltr'><strong>Tbomae</strong></span> <span class='ocrx_word' id='word_1_175' title='bbox 982 2657 1350 2756; x_wconf 83' lang='lat' dir='ltr'><strong>Marcyllii,</strong></span> <span class='ocrx_word' id='word_1_176' title='bbox 1382 2677 1421 2723; x_wconf 87' lang='lat' dir='ltr'><strong>e</strong></span> <span class='ocrx_word' id='word_1_177' title='bbox 1468 2658 1726 2737; x_wconf 88' lang='lat' dir='ltr'><strong>codice,</strong></span> <span class='ocrx_word' id='word_1_178' title='bbox 1781 2665 1856 2724; x_wconf 87' lang='lat' dir='ltr'><strong>ut</strong></span> <span class='ocrx_word' id='word_1_179' title='bbox 1883 2659 2172 2738; x_wconf 78' lang='lat' dir='ltr'><strong>videtur,</strong></span> <span class='ocrx_word' id='word_1_180' title='bbox 2206 2655 2642 2754; x_wconf 83' lang='lat' dir='ltr'><strong>Lugdunensi</strong></span> 
     </span>
     <span class='ocr_line' id='line_1_24' title="bbox 430 2754 2650 2844; baseline 0.002 -18"><span class='ocrx_word' id='word_1_181' title='bbox 430 2754 777 2844; x_wconf 78' lang='lat' dir='ltr'><strong>praecipuo</strong></span> <span class='ocrx_word' id='word_1_182' title='bbox 804 2761 1051 2827; x_wconf 83' lang='lat' dir='ltr'><strong>ductis.</strong></span> <span class='ocrx_word' id='word_1_183' title='bbox 2643 2795 2650 2803; x_wconf 89' lang='lat'><strong>·</strong></span> 
     </span>
    </p>
   </div>
   <div class='ocr_carea' id='block_1_3' title="bbox 1114 2990 1967 3079">
    <p class='ocr_par' dir='ltr' id='par_1_6' title="bbox 1114 2990 1967 3079">
     <span class='ocr_line' id='line_1_25' title="bbox 1114 2990 1967 3079; baseline -0.002 -23"><span class='ocrx_word' id='word_1_184' title='bbox 1114 2990 1363 3058; x_wconf 80' lang='lat' dir='ltr'><strong>Codices</strong></span> <span class='ocrx_word' id='word_1_185' title='bbox 1409 2991 1967 3079; x_wconf 79' lang='lat' dir='ltr'><strong>Cantabrigienses.</strong></span> 
     </span>
    </p>
   </div>
   <div class='ocr_carea' id='block_1_4' title="bbox 413 3146 2651 4260">
    <p class='ocr_par' dir='ltr' id='par_1_7' title="bbox 413 3146 2651 3954">
     <span class='ocr_line' id='line_1_26' title="bbox 520 3146 2651 3240; baseline 0 -20"><span class='ocrx_word' id='word_1_186' title='bbox 520 3146 606 3220; x_wconf 82' lang='lat' dir='ltr'><strong>In</strong></span> <span class='ocrx_word' id='word_1_187' title='bbox 632 3156 1057 3222; x_wconf 83' lang='lat' dir='ltr'><strong>Bibliotheca</strong></span> <span class='ocrx_word' id='word_1_188' title='bbox 1086 3157 1351 3222; x_wconf 85' lang='lat' dir='ltr'><strong>Domus</strong></span> <span class='ocrx_word' id='word_1_189' title='bbox 1382 3155 1455 3220; x_wconf 81' lang='lat' dir='ltr'><strong>S.</strong></span> <span class='ocrx_word' id='word_1_190' title='bbox 1483 3155 1671 3219; x_wconf 78' lang='lat' dir='ltr'><strong>Petri</strong></span> <span class='ocrx_word' id='word_1_191' title='bbox 1701 3154 1939 3220; x_wconf 87' lang='lat' dir='ltr'><strong>Codex</strong></span> <span class='ocrx_word' id='word_1_192' title='bbox 1983 3153 2180 3220; x_wconf 86' lang='grc'><strong>1666.</strong></span> <span class='ocrx_word' id='word_1_193' title='bbox 2217 3151 2327 3240; x_wconf 90' lang='lat' dir='ltr'><strong>(ut</strong></span> <span class='ocrx_word' id='word_1_194' title='bbox 2373 3151 2651 3221; x_wconf 77' lang='lat' dir='ltr'><strong>denota--</strong></span> 
     </span>
     <span class='ocr_line' id='line_1_27' title="bbox 437 3254 2643 3341; baseline 0 -17"><span class='ocrx_word' id='word_1_195' title='bbox 437 3265 543 3324; x_wconf 78' lang='lat' dir='ltr'><strong>tur</strong></span> <span class='ocrx_word' id='word_1_196' title='bbox 592 3259 665 3323; x_wconf 86' lang='lat' dir='ltr'><strong>in</strong></span> <span class='ocrx_word' id='word_1_197' title='bbox 710 3258 928 3324; x_wconf 80' lang='lat' dir='ltr'><strong>Catal.</strong></span> <span class='ocrx_word' id='word_1_198' title='bbox 970 3257 1149 3326; x_wconf 76' lang='lat' dir='ltr'><strong>Mss.</strong></span> <span class='ocrx_word' id='word_1_199' title='bbox 1196 3257 1463 3341; x_wconf 72' lang='lat' dir='ltr'><strong>Angliae</strong></span> <span class='ocrx_word' id='word_1_200' title='bbox 1506 3263 1577 3322; x_wconf 93' lang='lat' dir='ltr'><strong>et</strong></span> <span class='ocrx_word' id='word_1_201' title='bbox 1621 3254 1833 3340; x_wconf 64' lang='grc' dir='ltr'><strong>Ἠῶ.)</strong></span> <span class='ocrx_word' id='word_1_202' title='bbox 1889 3259 2206 3331; x_wconf 87' lang='lat' dir='ltr'><strong>continet,</strong></span> <span class='ocrx_word' id='word_1_203' title='bbox 2263 3257 2432 3322; x_wconf 77' lang='lat' dir='ltr'><strong>inter</strong></span> <span class='ocrx_word' id='word_1_204' title='bbox 2482 3258 2643 3337; x_wconf 82' lang='lat' dir='ltr'><strong>alia,</strong></span> 
     </span>
     <span class='ocr_line' id='line_1_28' title="bbox 436 3359 2645 3443; baseline 0.001 -17"><span class='ocrx_word' id='word_1_205' title='bbox 436 3360 793 3427; x_wconf 85' lang='lat' dir='ltr'><strong>Claudiani</strong></span> <span class='ocrx_word' id='word_1_206' title='bbox 831 3360 913 3424; x_wconf 92' lang='lat' dir='ltr'><strong>de</strong></span> <span class='ocrx_word' id='word_1_207' title='bbox 961 3359 1197 3443; x_wconf 87' lang='lat' dir='ltr'><strong>Raptu</strong></span> <span class='ocrx_word' id='word_1_208' title='bbox 1226 3360 1688 3443; x_wconf 76' lang='lat' dir='ltr'><strong>Proserpinae,</strong></span> <span class='ocrx_word' id='word_1_209' title='bbox 1729 3366 1836 3422; x_wconf 89' lang='lat' dir='ltr'><strong>art</strong></span> <span class='ocrx_word' id='word_1_210' title='bbox 1860 3361 1926 3422; x_wconf 89' lang='grc'><strong>4.</strong></span> <span class='ocrx_word' id='word_1_211' title='bbox 1953 3367 2025 3424; x_wconf 90' lang='lat' dir='ltr'><strong>et</strong></span> <span class='ocrx_word' id='word_1_212' title='bbox 2047 3359 2267 3438; x_wconf 71' lang='lat'>1687„</span> <span class='ocrx_word' id='word_1_213' title='bbox 2296 3379 2501 3424; x_wconf 88' lang='lat' dir='ltr'><strong>unum</strong></span> <span class='ocrx_word' id='word_1_214' title='bbox 2530 3360 2645 3428; x_wconf 88' lang='lat' dir='ltr'><strong>Li-</strong></span> 
     </span>
     <span class='ocr_line' id='line_1_29' title="bbox 436 3461 2648 3549; baseline -0 -21"><span class='ocrx_word' id='word_1_215' title='bbox 436 3463 651 3528; x_wconf 86' lang='lat' dir='ltr'><strong>brum.</strong></span> <span class='ocrx_word' id='word_1_216' title='bbox 740 3461 929 3526; x_wconf 90' lang='lat' dir='ltr'><strong>Idem</strong></span> <span class='ocrx_word' id='word_1_217' title='bbox 973 3461 1341 3546; x_wconf 83' lang='lat' dir='ltr'><strong>Catalogus</strong></span> <span class='ocrx_word' id='word_1_218' title='bbox 1380 3468 1569 3528; x_wconf 85' lang='lat' dir='ltr'><strong>notat</strong></span> <span class='ocrx_word' id='word_1_219' title='bbox 1615 3461 1717 3549; x_wconf 84' lang='lat' dir='ltr'><strong>(in</strong></span> <span class='ocrx_word' id='word_1_220' title='bbox 1761 3481 1943 3526; x_wconf 88' lang='lat' dir='ltr'><strong>num.</strong></span> <span class='ocrx_word' id='word_1_221' title='bbox 1991 3461 2190 3527; x_wconf 87' lang='grc'><strong>6106.</strong></span> <span class='ocrx_word' id='word_1_222' title='bbox 2239 3463 2423 3542; x_wconf 80' lang='grc'><strong>272.)</strong></span> <span class='ocrx_word' id='word_1_223' title='bbox 2473 3464 2648 3528; x_wconf 84' lang='lat' dir='ltr'><strong>inter</strong></span> 
     </span>
     <span class='ocr_line' id='line_1_30' title="bbox 437 3561 2646 3648; baseline -0.001 -20"><span class='ocrx_word' id='word_1_224' title='bbox 437 3561 725 3628; x_wconf 85' lang='lat' dir='ltr'><strong>Codices</strong></span> <span class='ocrx_word' id='word_1_225' title='bbox 752 3562 1034 3627; x_wconf 85' lang='lat' dir='ltr'><strong>Thomae</strong></span> <span class='ocrx_word' id='word_1_226' title='bbox 1089 3563 1259 3628; x_wconf 86' lang='lat' dir='ltr'><strong>Gale</strong></span> <span class='ocrx_word' id='word_1_227' title='bbox 1313 3564 1761 3630; x_wconf 83' lang='lat' dir='ltr'><strong>Claudianum</strong></span> <span class='ocrx_word' id='word_1_228' title='bbox 1812 3563 2104 3648; x_wconf 68' lang='lat' dir='ltr'><strong>poetam,</strong></span> <span class='ocrx_word' id='word_1_229' title='bbox 2133 3565 2208 3627; x_wconf 87' lang='lat' dir='ltr'><strong>in</strong></span> <span class='ocrx_word' id='word_1_230' title='bbox 2253 3565 2646 3630; x_wconf 86' lang='lat' dir='ltr'><strong>membranis</strong></span> 
     </span>
     <span class='ocr_line' id='line_1_31' title="bbox 438 3663 2647 3748; baseline 0.001 -20"><span class='ocrx_word' id='word_1_231' title='bbox 438 3665 754 3747; x_wconf 83' lang='lat' dir='ltr'><strong>antiquis.</strong></span> <span class='ocrx_word' id='word_1_232' title='bbox 842 3663 983 3728; x_wconf 79' lang='lat' dir='ltr'><strong>Hic</strong></span> <span class='ocrx_word' id='word_1_233' title='bbox 1010 3663 1189 3729; x_wconf 85' lang='lat' dir='ltr'><strong>idem</strong></span> <span class='ocrx_word' id='word_1_234' title='bbox 1218 3685 1391 3730; x_wconf 88' lang='lat' dir='ltr'><strong>nunc</strong></span> <span class='ocrx_word' id='word_1_235' title='bbox 1421 3670 1804 3730; x_wconf 82' lang='lat' dir='ltr'><strong>asservatur</strong></span> <span class='ocrx_word' id='word_1_236' title='bbox 1822 3665 1895 3729; x_wconf 89' lang='lat' dir='ltr'><strong>in</strong></span> <span class='ocrx_word' id='word_1_237' title='bbox 1917 3665 2344 3732; x_wconf 86' lang='lat' dir='ltr'><strong>Bibliotheca</strong></span> <span class='ocrx_word' id='word_1_238' title='bbox 2367 3666 2647 3748; x_wconf 87' lang='lat' dir='ltr'><strong>Collegii</strong></span> 
     </span>
     <span class='ocr_line' id='line_1_32' title="bbox 413 3765 2648 3852; baseline 0.001 -24"><span class='ocrx_word' id='word_1_239' title='bbox 413 3765 709 3830; x_wconf 73' lang='lat' dir='ltr'><strong>&#39;Sanctae-</strong></span> <span class='ocrx_word' id='word_1_240' title='bbox 738 3765 1093 3846; x_wconf 76' lang='lat' dir='ltr'><strong>Trinitatis,</strong></span> <span class='ocrx_word' id='word_1_241' title='bbox 1148 3768 1281 3846; x_wconf 89' lang='lat' dir='ltr'><strong>cui,</strong></span> <span class='ocrx_word' id='word_1_242' title='bbox 1327 3773 1402 3833; x_wconf 83' lang='lat' dir='ltr'><strong>ut</strong></span> <span class='ocrx_word' id='word_1_243' title='bbox 1436 3769 1581 3852; x_wconf 85' lang='lat' dir='ltr'><strong>jam</strong></span> <span class='ocrx_word' id='word_1_244' title='bbox 1609 3769 1930 3846; x_wconf 75' lang='lat' dir='ltr'><strong>diximus,</strong></span> <span class='ocrx_word' id='word_1_245' title='bbox 1973 3769 2058 3832; x_wconf 89' lang='lat' dir='ltr'><strong>T.</strong></span> <span class='ocrx_word' id='word_1_246' title='bbox 2089 3767 2262 3837; x_wconf 80' lang='lat' dir='ltr'><strong>Gale</strong></span> <span class='ocrx_word' id='word_1_247' title='bbox 2289 3769 2648 3834; x_wconf 81' lang='lat' dir='ltr'><strong>moriturus</strong></span> 
     </span>
     <span class='ocr_line' id='line_1_33' title="bbox 439 3865 1213 3954; baseline 0.004 -22"><span class='ocrx_word' id='word_1_248' title='bbox 439 3865 723 3932; x_wconf 66' lang='lat' dir='ltr'><strong>codices</strong></span> <span class='ocrx_word' id='word_1_249' title='bbox 750 3889 913 3934; x_wconf 82' lang='lat' dir='ltr'><strong>snos</strong></span> <span class='ocrx_word' id='word_1_250' title='bbox 938 3871 1213 3954; x_wconf 87' lang='lat' dir='ltr'><strong>legavit.</strong></span> 
     </span>
    </p>

    <p class='ocr_par' dir='ltr' id='par_1_8' title="bbox 439 3967 2646 4260">
     <span class='ocr_line' id='line_1_34' title="bbox 528 3967 2645 4059; baseline -0.001 -26"><span class='ocrx_word' id='word_1_251' title='bbox 528 3967 743 4034; x_wconf 82' lang='lat' dir='ltr'><strong>Extat</strong></span> <span class='ocrx_word' id='word_1_252' title='bbox 785 3971 853 4034; x_wconf 88' lang='lat' dir='ltr'><strong>in</strong></span> <span class='ocrx_word' id='word_1_253' title='bbox 891 3973 1318 4038; x_wconf 85' lang='lat' dir='ltr'><strong>Bibliotheca</strong></span> <span class='ocrx_word' id='word_1_254' title='bbox 1366 3973 1686 4042; x_wconf 81' lang='lat' dir='ltr'><strong>librorum</strong></span> <span class='ocrx_word' id='word_1_255' title='bbox 1737 3993 1912 4059; x_wconf 89' lang='lat' dir='ltr'><strong>quos</strong></span> <span class='ocrx_word' id='word_1_256' title='bbox 1963 3971 2332 4038; x_wconf 75' lang='lat' dir='ltr'><strong>Matthaeus</strong></span> <span class='ocrx_word' id='word_1_257' title='bbox 2369 3967 2645 4046; x_wconf 80' lang='lat' dir='ltr'><strong>Parker,</strong></span> 
     </span>
     <span class='ocr_line' id='line_1_35' title="bbox 439 4067 2646 4168; baseline -0.003 -29"><span class='ocrx_word' id='word_1_258' title='bbox 439 4067 1269 4156; x_wconf 76' lang='lat' dir='ltr'><strong>Amhiep.cantua1.sub</strong></span> <span class='ocrx_word' id='word_1_259' title='bbox 1302 4094 1507 4158; x_wconf 84' lang='lat' dir='ltr'><strong>regno</strong></span> <span class='ocrx_word' id='word_1_260' title='bbox 1538 4075 1968 4168; x_wconf 81' lang='lat' dir='ltr'><strong>Elizabethae,</strong></span> <span class='ocrx_word' id='word_1_261' title='bbox 1996 4073 2299 4159; x_wconf 81' lang='lat' dir='ltr'><strong>Collegio</strong></span> <span class='ocrx_word' id='word_1_262' title='bbox 2327 4069 2646 4154; x_wconf 78' lang='lat' dir='ltr'><strong>Corporis</strong></span> 
     </span>
     <span class='ocr_line' id='line_1_36' title="bbox 444 4167 2647 4260; baseline 0.003 -22"><span class='ocrx_word' id='word_1_263' title='bbox 444 4169 694 4240; x_wconf 78' lang='lat' dir='ltr'><strong>Christi</strong></span> <span class='ocrx_word' id='word_1_264' title='bbox 718 4177 793 4240; x_wconf 86' lang='lat' dir='ltr'><strong>et</strong></span> <span class='ocrx_word' id='word_1_265' title='bbox 818 4173 905 4240; x_wconf 90' lang='grc' dir='ltr'><strong>Β.</strong></span> <span class='ocrx_word' id='word_1_266' title='bbox 948 4171 1187 4242; x_wconf 74' lang='lat' dir='ltr'><strong>Mariae</strong></span> <span class='ocrx_word' id='word_1_267' title='bbox 1223 4175 1542 4260; x_wconf 48' lang='lat' dir='ltr'><strong>Virgini&amp;</strong></span> <span class='ocrx_word' id='word_1_268' title='bbox 1571 4195 1742 4244; x_wconf 80' lang='lat' dir='ltr'><strong>nunc</strong></span> <span class='ocrx_word' id='word_1_269' title='bbox 1797 4173 1991 4244; x_wconf 74' lang='lat' dir='ltr'><strong>Bem’</strong></span> <span class='ocrx_word' id='word_1_270' title='bbox 1993 4185 2022 4238; x_wconf 80' lang='lat' dir='ltr'><strong>t</strong></span> <span class='ocrx_word' id='word_1_271' title='bbox 2065 4167 2345 4258; x_wconf 69' lang='lat' dir='ltr'><strong>college,</strong></span> <span class='ocrx_word' id='word_1_272' title='bbox 2369 4169 2647 4256; x_wconf 68' lang='lat' dir='ltr'><strong>legavit,</strong></span> 
     </span>
    </p>
   </div>
  </div>
 </body>
</html>
