3167 4984
584 382 768 462 1540<

652 543 719 602 88
750 538 945 601 ‚Obtulit
968 539 1065 586 haee
1085 538 1209 585 ultro
1219 533 1403 597 fastos]
1434 535 1561 583 Tres
1582 534 1657 583 nl:

587 613 851 675 teristratos
864 632 883 665 .·
911 630 974 661 un
982 630 1038 661 us
1055 614 1198 661 ultori
1208 611 1369 671 fasces
1380 626 1399 657 .·
1421 608 1505 657 alii
1523 610 1652 657 mul-

592 690 635 741 ti
678 690 777 750 haee
814 692 939 737 ultro
981 688 1177 747 fascem
1222 685 1357 749 quod
1391 684 1515 733 ferri
1549 700 1652 746 non

586 770 787 829 potest,
828 766 945 827 quia
971 763 1129 821 fasces
1171 777 1289 811 mox
1328 770 1649 825 sequuntur:

587 846 811 903 septem,
828 854 943 903 cum
968 840 1134 901 primo
1152 838 1423 896 Vaticano,
1448 836 1655 897 Obtulit,

586 915 998 979 nuorifastosqne.
1062 915 1233 977 Supra
1266 914 1355 961 lib.
1376 925 1437 962 11.
1472 914 1486 939 ‘
1509 913 1652 961 Ulto-

588 1004 701 1039 rem
749 992 957 1039 videant
1010 982 1437 1053 'servatoremque
1487 988 1654 1041 Quiri-

594 1065 711 1121 tes?
744 1067 813 1115 D.
836 1067 1007 1115 Heins.

608 1204 615 1207 -
656 1142 829 1192 Fusios
876 1143 1069 1206 ornare]
1158 1141 1335 1191 Alibi:
1401 1141 1417 1168 ‘
1440 1146 1654 1203 ornatur

592 1218 827 1268 Fortuna
841 1218 986 1268 viro.'
1022 1218 1200 1268 Barth..

615 1342 621 1350 ,
656 1298 721 1341 89
755 1294 857 1343 Nec
888 1294 1039 1343 libera
1072 1295 1245 1357 qum-it
1267 1291 1469 1356 Soecula]
1505 1290 1656 1341 Infra

589 1368 688 1418 hoc
703 1366 867 1417 libro:
902 1369 915 1393 ‘
938 1384 1199 1433 nunquam
1214 1369 1433 1433 libertas
1458 1368 1655 1431 gratior

591 1449 765 1493 exstat
802 1445 969 1495 Quam
1015 1444 1109 1493 snb
1144 1445 1285 1508 Rege
1326 1444 1445 1507 pio!
1491 1446 1656 1493 Roma

589 1520 667 1583 ita
711 1533 893 1582 parens
938 1519 1212 1583 libertatis,
1258 1526 1315 1569 et
1355 1520 1652 1569 libertatem

591 1612 689 1661 pro
731 1597 946 1646 arbitrio
986 1596 1232 1657 donabat,
1268 1598 1413 1645 velut
1456 1597 1657 1660 optimo

585 1674 707 1735 jure
742 1688 911 1723 rerum
936 1673 1000 1721 ad
1024 1688 1137 1721 eam
1172 1672 1457 1735 Imperium
1494 1673 1654 1735 perti·

590 1755 759 1813 neret.
794 1750 943 1798 Idem.

656 1830 723 1897 91,
760 1824 974 1885 crevisse
995 1823 1145 1887 videt]
1202 1826 1353 1875 Novo
1392 1824 1664 1889 vectigali,

590 1899 993 1959 frumentatione
1032 1901 1233 1949 Gallica
1264 1900 1569 1967 accedente,
1594 1915 1658 1950 ea
1687 1939 1691 1944 .

592 1974 783 2037 inopiae
805 1974 1030 2024 Urbanae
1054 1976 1203 2025 Bello
1226 1975 1505 2025 Gildonico
1538 1976 1657 2023 sub-

596 2052 794 2105 venisse
812 2052 1165 2110 Stilichonem,
1188 2066 1288 2099 non
1316 2052 1471 2099 semel
1496 2056 1655 2099 attes-

598 2132 745 2175 tatur
768 2128 1100 2177 Claudianus.
1136 2127 1286 2175 Idem.

662 2202 784 2257 Quis
818 2203 1007 2251 Gallica
1042 2202 1180 2264 rura]
1228 2202 1387 2251 Rntra
1420 2200 1656 2266 legebam

594 2278 894 2343 aliqua-ndo,
944 2280 1067 2341 quia
1120 2280 1301 2341 ligones
1354 2285 1656 2343 sequuntur.

594 2354 683 2405 De
722 2368 786 2403 ea
821 2368 947 2402 voce
986 2353 1207 2403 diximus
1264 2354 1330 2403 ad
1369 2355 1554 2404 librum
1601 2370 1655 2403 v.

593 2431 736 2481 Fast.
760 2431 999 2481 Nasonis.
1048 2432 1112 2479 D.
1142 2430 1310 2481 Heius.

658 2511 723 2557 93
760 2506 838 2555 ΑΙ)
864 2506 1035 2577 Arcto]
1056 2508 1142 2555 Sic
1161 2522 1299 2571 saepe
1323 2508 1655 2557 Germaniam

594 2582 890 2648 vicinosque
909 2585 955 2631 ei
973 2585 1189 2647 populos
1212 2583 1358 2633 dicit.
1394 2584 1571 2632 Barth.

658 2664 721 2707 95
754 2658 1006 2709 Auxilium
1026 2674 1117 2707 non
1132 2660 1214 2707 ilia
1230 2658 1381 2721 seges]
1410 2659 1503 2706 Illa
1522 2672 1656 2721 seges

589 2748 687 2781 non
700 2734 931 2781 «vexilium
954 2748 1147 2783 omnes.
1182 2735 1250 2783 D.
1274 2734 1449 2802 Heins.

658 2810 721 2856 97
759 2808 1016 2857 Admonuit
1034 2810 1231 2858 dominae
1248 2808 1436 2871 gentes]
1457 2810 1535 2857 Ex
1554 2825 1656 2859 am-

593 2882 795 2933 bitione
819 2884 1003 2945 prisca.
1080 2884 1219 2932 Belli
1244 2884 1421 2932 Getici
1439 2884 1654 2947 insignis

592 2956 823 3023 clausula
863 2964 977 3006 est:
1011 2961 1024 2985 ‘
1050 2958 1270 3020 Discite,
1310 2973 1533 3021 vesanae,
1555 2961 1656 3008 Ro-

592 3024 728 3081 mam
751 3047 853 3081 non
880 3038 1129 3094 temnere,
1146 3026 1359 3096 gentes!
1386 3024 1654 3083 Admonere

594 3107 753 3157 etiam
777 3110 875 3159 vim
902 3110 1175 3159 violentam
1202 3108 1376 3159 insert.
1412 3109 1589 3159 Barth.

656 3184 897 3247 Dominoe]
952 3185 1173 3233 Domina
1208 3185 1293 3233 hic
1338 3191 1419 3233 est
1450 3186 1650 3235 Roma:

592 3256 793 3311 Gentes
812 3275 935 3309 vero
957 3262 1215 3324 Germani,
1234 3262 1475 3310 hactenus
1490 3261 1651 3313 invic-

595 3335 653 3381 ti.
701 3335 887 3383 Claver.

655 3412 721 3457 99
760 3410 993 3470 qu'estas
1033 3410 1249 3471 Quirini]
1304 3410 1520 3461 Romani
1550 3411 1652 3461 Im-

590 3482 723 3543 perii
740 3485 1035 3532 auctoritas.
1104 3486 1353 3547 Majestas
1371 3488 1505 3535 enim
1528 3490 1652 3536 emi·

590 3570 717 3605 nens
741 3559 903 3605 omnis
930 3566 1181 3621 potestas,
1204 3562 1304 3608 coli
1325 3561 1497 3622 digna.

652 3632 829 3695 Plena]
866 3634 1038 3693 Justa,
1062 3636 1311 3683 absoluta.
1358 3637 1537 3687 Barth.

604 3768 616 3775 ἰ
656 3712 752 3756 100
803 3708 1027 3756 Rectores
1062 3708 1247 3773 Libyae]
1304 3710 1391 3759 Sic
1434 3712 1650 3775 Gyrald.

588 3782 873 3846 vulgatum
893 3784 1062 3847 Libyci
1085 3785 1254 3847 glossa
1296 3793 1375 3835 est
1416 3788 1648 3839 alterins·

590 3856 660 3907 D.
685 3858 857 3908 Heius.

654 3934 1029 3999 Populojudice]
1069 3938 1228 3989 Velut
1253 3946 1425 3989 stante
1444 3942 1650 4004 Repub-

585 4013 726 4075 l'ica3
766 4016 1040 4078 antequam
1078 4019 1299 4081 populus
1314 4018 1401 4081 jus
1426 4035 1572 4069 suum
1595 4022 1649 4070 in

589 4090 863 4152 Principes
878 4090 1153 4139 conferret.
1194 4092 1375 4142 Barth.

657 4168 749 4213 101
801 4164 1036 4213 Emeritas
1062 4167 1264 4228 secures]
1308 4168 1649 4231 Magistratus

590 4240 775 4305 quibus
796 4244 955 4291 rectae
981 4240 1275 4305 provinciae.
1312 4242 1539 4307 Emer-iti,
1562 4244 1650 4309 qui

902 394 1121 445 NOTAE
1167 390 1571 443 VARIORUM
1621 391 1703 455 IN
1752 392 1868 441 Ob.
1915 388 2195 453 onam).
2243 390 2468 441 XXlV.

1721 534 1973 605 bonorum
2018 538 2254 597 tempora
2291 530 2576 581 constituta
2611 530 2788 603 exple·

1725 616 1926 658 verunt.
1972 609 2120 659 Idem.
2191 666 2198 672 ἢ
2775 658 2786 675 ⁸

1793 689 1886 733 102
1919 686 2189 734 Discrimen
2239 684 2432 747 lethale]
2497 680 2787 733 Accusatus

1727 761 1860 809 male
1877 770 2136 817 gestarum
2155 775 2344 820 rerum,
2364 748 2621 822 spoliat'ae,
2645 759 2792 822 expi-

1727 836 1870 897 latae,
1893 837 2205 898 Provinciae,
2225 835 2673 899 Repetundarum,
2689 839 2788 887 &c-

1729 913 2006 962 Gildonem
2032 914 2266 976 punitum
2289 912 2542 975 supplicio
2561 912 2790 981 Legibus

1729 990 2014 1038 constituto
2030 988 2246 1038 tradidit
2263 988 2421 1037 etiam
2439 1002 2614 1051 supra,
2633 988 2722 1037 lib.
2742 1002 2788 1049 ι.

1732 1063 1882 1113 Idem.

1797 1141 1932 1195 Quod
1959 1140 2128 1188 Poenus
2146 1143 2310 1187 arator
2335 1136 2586 1201 Intulerit]
2658 1137 2789 1193 Quia

1729 1218 1843 1280 lege
1866 1231 1932 1265 ex
1956 1216 2106 1279 prim.
2123 1215 2368 1263 Vatican.
2389 1213 2630 1275 Lucensi‚
2653 1214 2789 1279 aliisg

1729 1307 1830 1357 que
1852 1292 2124 1341 nonnullis.
2165 1292 2230 1339 D.
2255 1289 2426 1338 Heius.

1795 1372 1889 1415 103
1927 1367 2154 1414 Madidus
2195 1364 2398 1425 Auster]
2454 1362 2609 1412 Venti
2651 1363 2790 1417 enim

1729 1443 1915 1506 pluviis
1970 1442 2264 1503 ingruentes
2317 1438 2548 1489 Africam
2591 1428 2789 1489 foecun·

1730 1518 1875 1578 dant,
1912 1518 2048 1565 unde
2087 1517 2270 1564 horrea
2303 1515 2538 1564 Romana
2563 1516 2790 1581 comple·

1731 1594 1934 1641 bantur.
1969 1592 2148 1642 Barth.

1797 1673 1888 1717 105
1928 1668 2057 1715 Hinc
2095 1666 2357 1729 trepidant]
2409 1668 2570 1717 Prim.
2613 1665 2789 1731 Vatic-

1731 1752 1788 1793 et
1820 1745 1908 1793 alii
1937 1744 2085 1793 multi
2109 1742 2240 1793 Hic.-
2283 1744 2490 1808 quidam
2522 1744 2615 1793 Hi.
2681 1742 2790 1793 Pro

1731 1820 1923 1868 tremuit
1962 1820 2112 1882 prim.
2154 1819 2397 1881 Vatican.
2447 1818 2646 1890 ²aliique
2689 1832 2792 1867 non

1735 1896 1885 1960 pauci
1901 1896 2090 1945 timuit.-
2113 1900 2294 1959 posset
2315 1900 2370 1945 et
2389 1894 2513 1959 legi,
2539 1895 2676 1943 Nune
2695 1899 2792 1943 tre·

1725 1975 1897 2036 pidant
1912 1988 1932 2029 ,-
1975 1970 2117 2037 quod⁴
2137 1985 2232 2035 pro
2266 1971 2470 2019 diversa
2491 1968 2718 2021 lectione
2739 1972 2789 2023 in

1735 2049 2000 2099 Oiseliano
2023 2054 2140 2097 erat
2162 2054 2412 2115 notatum.
2447 2048 2516 2097 D.
2539 2046 2713 2097 Heins.

1798 2129 1894 2172 106
1930 2124 2053 2172 Cani
2067 2122 2321 2172 virtutibus
2348 2122 2464 2185 σοι’]
2495 2122 2694 2172 Priscae
2711 2136 2798 2172 re·

1732 2200 1999 2250 ver-entiae.
2039 2200 2224 2251 Barth-

1799 2280 1894 2325 109
1931 2276 2136 2337 Mngnos
2172 2275 2316 2323 caloet
2351 2276 2622 2325 metuendus
2653 2276 2794 2325 hono-

1730 2352 1830 2415 res]
1884 2354 1959 2402 Ut
2000 2366 2195 2401 summo
2227 2351 2542 2415 Magistratu
2582 2349 2790 2405 functos

1730 2427 1950 2479 vocetiu
1965 2428 2072 2491 jus,
2097 2434 2153 2475 et
2175 2428 2456 2475 secundum
2474 2427 2639 2488 Leges
2654 2423 2795 2487 judi·

1731 2508 1818 2554 cet
1839 2504 1980 2553 facta
1995 2506 2302 2568 potentium.
2326 2502 2536 2555 Eximas
2548 2502 2665 2551 hinc
2681 2502 2791 2551 Ho-

1730 2595 1906 2629 norem
1931 2578 2208 2641 PrincipiS,
2226 2578 2310 2627 cui
2333 2577 2577 2641 quamdiu
2597 2591 2690 2626 sua
2701 2576 2791 2625 ha·

1730 2656 1886 2723 betur
1910 2655 2221 2717 reverentia,
2244 2653 2440 2703 tamdiu
2477 2660 2615 2702 stare
2635 2654 2792 2702 Rem·

1729 2733 1988 2795 publicam
2033 2730 2220 2781 Cicero
2263 2729 2474 2793 scripsit
2521 2728 2686 2778 Libris
2723 2727 2791 2779 d'e

1729 2807 2032 2871 Republica.
2066 2806 2215 2856 Idm.

1795 2887 1890 2931 110
1923 2882 2140 2945 Pietate]
2173 2880 2478 2947 Clementia.
2512 2880 2660 2931 [dein.
2749 2870 2754 2874 ⁴

1795 2963 1886 3007 111
1923 2956 2103 3019 Paros]
2157 2956 2398 3007 Animum
2440 2955 2673 3025 sordibus
2716 2956 2792 3005 vi·

1729 3035 1917 3085 tiorum
1940 3050 2042 3083 nou
2069 3034 2378 3098 inquinatos.
2414 3034 2562 3083 Idem
2676 3028 2680 3032 ’

1783 3116 1876 3161 112
1897 3111 2095 3160 Patrius
2113 3110 2262 3173 artes]
2279 3108 2621 3161 Gubernandi
2637 3108 2790 3159 Mun·

1727 3186 1867 3238 dum.
1910 3186 2175 3253 Virgilius,
2212 3185 2304 3235 lib.
2347 3198 2422 3234 vt.
2461 3185 2476 3211 ‘
2499 3184 2576 3232 Tu
2608 3196 2790 3247 regere

1725 3262 1944 3328 imperio
1979 3262 2215 3325 populos,
2229 3262 2480 3323 Romane,
2496 3250 2752 3308 memento
2771 3274 2788 3321 ς

1727 3338 1830 3387 Hae
1853 3338 1948 3387 tibi
1971 3346 2126 3385 erunt
2147 3334 2320 3385 artes.'
2363 3336 2515 3384 Idem.

1791 3419 1883 3465 113
1938 3414 2148 3463 Fallitur
2202 3412 2392 3475 egregio
2445 3412 2650 3476 quisquis
2699 3411 2786 3461 snb

1730 3492 1956 3555 Principe
2022 3490 2174 3539 credit
2215 3489 2500 3554 Servitium]
2567 3490 2790 3539 Omnem

1725 3566 1940 3628 legitimi
1981 3566 2312 3629 Principatus
2363 3566 2608 3614 virtutem
2651 3580 2788 3614 com-

1727 3642 1906 3707 plexus
1923 3649 2004 3690 est
2028 3642 2346 3705 paucissimis
2381 3640 2590 3702 verbis;
2634 3647 2691 3689 ut
2713 3640 2789 3689 ni·

1726 3718 1910 3765 mirum
1932 3705 2132 3767 infinita
2157 3719 2268 3781 ejus
2291 3718 2576 3783 commoda,
2594 3718 2786 3767 nullam

1727 3793 1918 3843 subditi
1938 3796 2164 3843 sentiant
2183 3785 2510 3857 gravitatem.
2549 3795 2700 3843 Idem.

1791 3872 1882 3918 115
1921 3871 2134 3933 Proeficit
2157 3871 2256 3930 ipse
2279 3868 2518 3931 regendis]
2573 3870 2650 3937 Ut
2681 3868 2787 3917 Tu-

1726 3950 1808 3992 tor
1825 3945 2038 4007 Imperii
2057 3953 2106 3991 et
2126 3945 2323 3993 Parens
2350 3946 2608 3994 Publicus.
2635 3946 2786 4012 Ideni.

1791 4026 1886 4070 116
1935 4020 2093 4067 Plebis
2122 4020 2426 4083 patrumque]
2487 4023 2702 4071 Senatus
2729 4027 2788 4091 et

1725 4096 1932 4157 Populi.
1968 4096 2120 4147 Idem.

1792 4175 1886 4220 118
1912 4172 2156 4236 Pnrpur'a]
2190 4172 2522 4235 Magistratus
2541 4186 2788 4242 summust..

1724 4246 1904 4321 Ipsum
1935 4246 2314 4319 Imperatorem
2349 4248 2574 4317 Legibus
2594 4246 2792 4319 sesnbss⁴
