3167 4984
588 365 765 434 1590

580 523 689 577 det
728 533 865 586 pene
906 526 1135 590 captum,
1172 518 1363 582 fusum,
1397 519 1659 584 fugatum-

884 380 1101 431 NOTAE
1147 377 1549 430 VARIORUM
1596 377 1676 427 IN
1725 378 1839 426 012.
1885 377 2166 427 omum.
2213 377 2496 426 xxvnl.

1731 533 1848 568 nem
1887 520 1986 569 sibi
2018 519 2158 569 victo
2193 517 2380 579 fidum3
2412 516 2686 568 stilichoni
2719 516 2798 568 fa-

578 613 717 663 que,
762 597 867 646 suis
912 597 1107 646 artibus
1144 611 1177 644 a
1210 597 1447 685 ,Romano
1485 597 1658 646 Duce.
1723 607 1851 645 ‘vere
1874 611 2050 645 omnes
2074 611 2210 644 suos.
2245 594 2422 644 Barth.

606 673 787 723 Barth.

584 784 593 792 .
662 746 981 808 θαι-ἱεισῶν]
1014 747 1271 809 Paratior,
1292 747 1359 797 ob
1393 747 1563 797 babile
1603 751 1662 796 et

596 823 787 874 mobile
823 837 1023 885 agmen.
1058 823 1209 872 Idem.

664 902 757 947 301
794 899 983 947 Fatalis
1016 899 1218 961 semper]
1267 898 1417 947 Bello
1452 898 1663 960 Getico,

603 975 741 1040 quod
778 975 899 1030 huic
953 975 1085 1026 libro
1122 975 1523 1026 conferendum:
1576 977 1593 1004 ‘
1614 975 1663 1025 A

602 1065 787 1114 magno
804 1051 1092 1100 Stilichone
1112 1056 1276 1100 cave.’
1319 1052 1470 1100 Idem.
1532 1069 1543 1076 ·

670 1131 766 1177 302
802 1127 1009 1176 Rettulit
1029 1127 1241 1190 hostiles]
1266 1126 1363 1175 Vir
1385 1127 1567 1175 doctus
1587 1131 1668 1174 est

604 1203 690 1265 qni
734 1201 944 1265 oblique
980 1201 1065 1250 hic
1112 1202 1283 1251 notari
1333 1202 1668 1251 Stilichonem

598 1275 764 1334 dicat.
827 1276 1050 1325 Minime
1094 1291 1241 1339 vero,
1284 1291 1401 1324 cum
1443 1277 1668 1340 priorem

594 1350 773 1400 .foedus
796 1349 1017 1414 fregisse
1037 1351 1321 1414 Alaricum,
1346 1359 1399 1400 et
1417 1354 1521 1403 suis
1546 1354 1667 1403 arti-

596 1427 705 1476 bus
724 1427 911 1476 merito
930 1426 1339 1476 circumventum
1358 1433 1472 1477 tota
1494 1442 1670 1477 narra·-

597 1503 685 1553 .tio
706 1502 973 1552 Claudiani
990 1503 1202 1553 indicet.
1247 1503 1395 1555 Idem,

676 1579 890 1628 Rettulit
925 1579 1116 1626 hostiles
1158 1577 1363 1639 animos]
1444 1578 1672 1626 Rettudit

611 1659 879 1704 vere-octo
918 1654 1070 1702 libri:
1106 1652 1243 1717 quod
1278 1659 1337 1706 et
1375 1653 1672 1702 Barthioin

602 1736 843 1778 -mentem
884 1727 1061 1787 venit3
1118 1727 1211 1776 sed
1256 1729 1391 1777 curis
1434 1729 1672 1778 Secundis
1725 1752 1730 1756 ·

617 1818 895 1868 perperam
938 1804 1213 1853 damnasse
1259 1807 1397 1854 visus
1436 1812 1534 1868 est,
1558 1821 1676 1854 cum

602 1879 729 1944 ‚ejus
752 1879 861 1930 illic
878 1893 979 1928 non
1018 1881 1343 1931 meminerit:
1380 1881 1469 1930 alii
1506 1883 1676 1931 aliter.

618 1955 807 2005 Feralis
854 1955 1011 2004 etiam
1061 1955 1263 2004 Stilicho
1318 1956 1543 2007 Palatin.
1607 1957 1678 2006 D.

622 2029 797 2081 Heius.

685 2109 780 2153 303
818 2104 1117 2169 Transfer-re]
1153 2105 1310 2154 Ultra
1338 2105 1587 2168 fluvium3
1621 2113 1680 2157 ut

620 2181 665 2229 is
689 2195 785 2243 pro
818 2194 965 2230 muro
986 2182 1201 2230 Romam
1224 2181 1291 2231 ab
1321 2181 1533 2232 Alarico
1567 2188 1681 2232 tue-

612 2263 786 2306 retur.
818 2257 995 2306 Barth.

688 2337 783 2382 305
826 2333 1087 2383 Violentioae
1114 2334 1272 2384 'ermis
1317 2334 1549 2384 Omnibus
1591 2337 1680 2384 cle-

614 2407 822 2470 mentia]
873 2407 1163 2458 Clementia
1184 2414 1367 2459 autem*
1396 2411 1501 2459 ista
1537 2425 1683 2460 seen-

545 2533 557 2542 „
628 2496 741 2532 rum
777 2481 979 2538 fecerat
1016 2483 1217 2534 hostem
1240 2490 1296 2533 et
1337 2491 1684 2548 opportunum

624 2555 781 2607 cladi.
814 2558 965 2607 Idem.

612 2667 619 2676 .
689 2636 789 2680 300
822 2633 1106 2696 Expugnat]
1126 2634 1425 2683 securitate
1444 2635 1684 2698 quodam·

613 2707 780 2758 ‚modo
795 2714 1053 2757 exemtam
1072 2709 1279 2757 virtutis
1302 2712 1489 2761 tenori.
1511 2732 1517 2740 ν
1537 2710 1686 2762 Idem.

693 2783 789 2829 30⁴7
826 2781 1035 2830 Gravior
1054 2781 1139 2831 sub
1175 2797 1288 2844 paee
1322 2784 1461 2849 latet]
1502 2785 1691 2835 Caveri

629 2869 815 2919 nempe
837 2854 1112 2906 difficilior.
1146 2857 1294 2906 Idem.

696 2935 793 2980 308
828 2931 993 2994 Feeso]
1040 2931 1293 2983 Omnibus
1316 2933 1557 2984 subsidiis
1576 2951 1692 3000 spo-

630 3005 773 3056 liato.
808 3007 961 3055 Idem.

696 3086 795 3132 309
829 3083 1141 3134 Consiliumve
1167 3084 1329 3148 ferat]
1394 3086 1549 3136 Dabit
1594 3088 1692 3150 pri.

592 3211 595 3214 Α
631 3157 805 3224 Yatic.
840 3158 1027 3223 aliique
1064 3161 1229 3210 multi.
1293 3162 1465 3212 Iidem
1502 3179 1624 3212 mox
1647 3166 1695 3226 Ω

629 3236 834 3295 utinam,
857 3249 979 3297 non,
999 3241 1140 3299 atque
1156 3238 1352 3287 utinam.
1418 3239 1489 3288 D.
1513 3239 1698 3290 Heins.

630 3363 637 3370 ,
701 3313 797 3357 310
830 3308 992 3371 Atque
1013 3310 1221 3373 utinam]
1255 3312 1507 3362 Collectio
1528 3315 1578 3364 in
1603 3313 1700 3364 ira-

638 3382 878 3432 cundiam
901 3383 1073 3432 animi.

632 3495 643 3507 .
706 3459 910 3506 Cunctos
926 3458 1141 3521 perdere]
1186 3459 1471 3511 Universos
1492 3463 1700 3513 amitte·

638 3545 717 3580 re.
750 3531 931 3581 Barth.

598 3614 603 3619 “
704 3612 802 3657 312
836 3607 1037 3658 Desinet
1060 3623 1157 3657 esse
1178 3609 1325 3672 meus]
1378 3611 1571 3661 Desinit
1595 3615 1700 3677 ple-

632 3683 818 3746 rique:
856 3683 1077 3746 quinque
1099 3684 1259 3733 desiit.
1292 3685 1516 3750 Vulgata
1538 3688 1701 3752 scrip-

640 3765 758 3807 tura
799 3758 969 3821 proba·
1002 3765 1097 3808 est.
1164 3759 1362 3810 Auctor
1404 3763 1601 3825 Elegiae
1646 3763 1700 3810 in

642 3834 843 3884 obitum
886 3835 1219 3886 Maecenatis:
1276 3837 1291 3864 ‘
1316 3838 1432 3886 Nec
1477 3839 1573 3886 tibi
1614 3841 1702 3902 qui

642 3909 861 3960 moritur
904 3908 1093 3958 desinit
1136 3925 1251 3959 esse
1295 3911 1449 3961 tuus!
1517 3915 1701 3965 Paullo

646 3990 767 4036 ante
788 3989 928 4048 atque
948 3984 1131 4033 utinam
1166 3987 1375 4049 meritos,
1396 4000 1496 4036 non
1516 3993 1704 4038 cunctos

644 4058 1140 4119 Helmaestadiensis.
1181 4062 1251 4110 D.
1273 4061 1446 4120 Heius.

710 4143 808 4190 814
849 4139 988 4191 Victa
1021 4138 1209 4202 mem]
1258 4140 1513 4193 Queritur
1543 4113 1707 4194 nemi·

1796 677 1890 721 315
1928 673 2110 730 Ῑηΐειιεὶ
2131 671 2346 734 comites]
2383 668 2608 733 offensi
2593 682 2650 718 m
2677 681 2804 719 nos·

1733 748 1849 796 tris.
1880 748 1950 797 D.
1977 746 2148 796 Heius.

1799 828 1900 872 317
1938 822 2202 884 Naufragii
2210 822 2490 883 frumeta
2511 820 2628 884 ma‘]
2677 820 2804 870 For-

1737 899 2156 962 tunae'reliquias.
2192 897 2375 946 Barth·

1799 977 1898 1023 319
1933 975 2116 1022 Nomen
2137 972 2672 1034 circumsonetJ-Ipsam
2693 985 2802 1020 me-

1737 1047 1948 1098 moriam
1997 1047 2220 1096 eladium
2263 1058 2472 1094 suarum
2507 1044 2803 1107 abspellere

1741 1124 1912 1172 animo
1933 1129 2106 1182 vovet,
2129 1123 2280 1185 inque
2314 1121 2430 1170 loca
2452 1122 2561 1168 sola
2589 1118 2806 1182 deferri,

1741 1200 1829 1248 ubi
1873 1213 2060 1248 nomen
2115 1199 2400 1247 Romanum
2451 1209 2554 1244 non
2605 1194 2807 1245 audiat.

1744 1276 1894 1324 Idem.
2716 1287 2726 1294 ·

1813 1353 2142 1400 circumsonat
2163 1350 2320 1412 aures]
2341 1348 2666 1396 circumsonet
2687 1359 2812 1396 cum

1744 1427 2023 1490 plerisque.
2059 1426 2128 1474 D.
2155 1424 2329 1472 Heius.
2553 1428 2565 1440 ·

1809 1505 1901 1550 321
1937 1501 2158 1564 Aquilae]
2225 1500 2569 1562 congressum
2615 1498 2809 1548 milita-

1735 1593 1872 1628 trem.
1919 1578 2112 1626 ’Illatio
2134 1577 2268 1625 enim
2301 1577 2582 1639 signorum,
2605 1571 2814 1623 conflic-

1749 1663 1852 1703 tus.
1885 1655 2062 1703 Barth.

1837 1733 1933 1778 322
1983 1729 2160 1778 Saucia
2213 1707 2444 1790 lividas]
2471 1725 2812 1776 Verberibus.

1751 1807 2087 1868 Plangentes,
2135 1819 2227 1854 ora
2277 1803 2464 1867 pugnis
2496 1800 2814 1888 obverbera-

1749 1882 1894 1931 bant.
1946 1883 2096 1930 Idem.

1744 1998 1752 2006 .
1769 1960 1911 2006 323
1946 1955 2142 2014 Inferna
2185 1920 2372 2016 agmine
2417 1952 2588 2015 morbi]
2654 1952 2814 2002 Innu-

1751 2032 1900 2094 meri,
1924 2032 2058 2080 male
2079 2031 2360 2082 habentem
2383 2031 2608 2078 animum
2627 2027 2812 2077 secuti.

1754 2108 1906 2157 Ide-m.
2766 2128 2774 2136 ·

1821 2186 1917 2230 324
1951 2181 2220 2230 Lustralem
2237 2182 2305 2229 sic
2327 2181 2466 2228 triste
2475 2181 2662 2242 facem]
2683 2179 2818 2228 Sane

1757 2257 1908 2306 triste
1932 2257 2043 2305 visu
2074 2257 2196 2318 hoe,
2213 2263 2272 2304 ut
2297 2256 2546 2305 hactenus
2568 2253 2822 2317 descripti

1757 2330 1953 2380 Alarici
1977 2332 2332 2394 spectaculum
2349 2346 2468 2380 eum
2485 2331 2688 2394 agmine
2709 2333 2821 2378 toto

1758 2406 2073 2457 morborum.

1825 2484 2090 2534 Imtralem
2106 2482 2291 2545 facem]
2325 2483 2490 2533 Quam
2513 2481 2712 2530 circum
2733 2494 2823 2530 ex-

1761 2559 2002 2622 piandum
2041 2559 2148 2608 sive
2183 2557 2502 2606 lustrandum
2549 2556 2825 2618 hominem,

1761 2636 1864 2684 rite
1897 2634 2208 2696 confectam,
2249 2635 2302 2683 in
2341 2633 2518 2681 orbem
2557 2637 2826 2682 rotaverat

1732 2761 1736 2766 ,
1765 2711 1979 2760 antistes
2003 2710 2230 2774 Operis3
2263 2723 2376 2758 eam
2396 2707 2568 2757 facem
2601 2707 2822 2755 aver-sim

1731 2815 1736 2818 -
1765 2791 1907 2834 trans
1931 2791 2092 2848 caput
2124 2783 2422 2848 abjiciebat,
2442 2783 2650 2845 piacula
2687 2780 2824 2830 seili-

1765 2868 1854 2910 cet
1893 2875 2067 2912 secum
2115 2859 2288 2909 omnia
2329 2859 2634 2912 ablaturam.
2673 2856 2828 2910 ..Cir-

1767 2935 2031 2985 cumibant
2052 2950 2170 2984 cum
2194 2933 2310 2984 face
2329 2935 2455 2984 talia
2477 2933 2586 2982 sive'
2609 2944 2829 2994 corpora

1768 3015 1877 3064 sive
1900 3015 2030 3063 loca.
2064 3013 2244 3062 Barth.

1759 3135 1772 3142 .
1832 3089 2100 3138 Lustralem
2141 3087 2210 3136 sic
2247 3087 2387 3136 triste
2415 3084 2601 3147 faceta]
2635 3084 2718 3133 Sic
2735 3083 2831 3132 rite

1769 3165 1919 3228 prim.
1957 3162 2131 3211 Vatic.
2169 3161 2335 3211 Oisel.
2359 3167 2417 3210 et
2449 3166 2674 3224 quatuor
2709 3159 2832 3218 alii;

1763 3239 1983 3303 optime.
2023 3237 2140 3286 Val.
2157 3235 2412 3286 Flaccus
2399 3249 2452 3282 in
2475 3233 2828 3297 descriptione

1771 3315 2002 3364 lustralis
2031 3313 2184 3376 sacri,
2221 3313 2237 3340 ‘
2263 3312 2382 3360 Rite
2404 3311 2546 3359 locat
2571 3306 2831 3372 quercus!

1775 3391 1942 3438 Miror
1977 3387 2142 3436 virum
2181 3399 2432 3435 summum
2467 3382 2699 3432 Isaacum
2731 3383 2834 3443 Ca-

1773 3464 2070 3530 sanbonnm,
2081 3463 2170 3526 qui
2189 3461 2254 3510 ad
2267 3458 2610 3523 Theophrasti
2621 3459 2836 3508 charac-

1766 3546 1940 3589 terem
1967 3539 2072 3602 περὶ
2105 3534 2459 3597 δεισιδαιμονίας
2473 3537 2650 3585 ‚multa
2671 3533 2840 3598 erudi·

1778 3621 1847 3678 te,
1884 3619 1944 3663 ut
1979 3617 2133 3676 solet,
2173 3612 2239 3662 de
2281 3610 2694 3661 lustrationibus·
2715 3623 2838 3658 con·

1777 3691 1956 3754 gessit,
1979 3691 2086 3739 hoc
2113 3690 2268 3738 etiam
2302 3688 2420 3737 loco
2443 3686 2689 3746 adducto,
2711 3684 2840 3732 nihil

1776 3766 1842 3814 de
1865 3765 2052 3814 mendo
2073 3765 2390 3826 suspicatum
2415 3775 2560 3810 esse.
2595 3760 2688 3808 sed
2711 3759 2840 3807 Bar·

1777 3843 1885 3892 thio
1929 3843 2093 3890 minus
2153 3842 2296 3902 ignos
2363 3839 2539 3898 ndum,
2587 3836 2678 3900 qui
2720 3847 2838 3884 eum

1775 3919 1908 3968 hanc
1947 3916 2255 3980 scripturam
2292 3914 2346 3962 in
2421 3912 2690 3970 laveriana
2731 3908 2842 3957 edi-

1777 3993 1922 4042 tione
1967 3991 2268 4054 reperisset,
2311 4003 2378 4037 ex
2418 3987 2638 4047 vetustis
2671 3999 2841 4036 mem-

1776 4065 1952 4116 branis
1970 4064 2106 4120 haud
2139 4063 2296 4114 dubie
2331 4064 2709 4128 depromptam,
2731 4061 2843 4110 vul·

1779 4147 1948 4206 getam
1971 4147 2146 4192 tamen
2167 4139 2447 4192 lectionem
2481 4137 2744 4190 mordiens
2764 4149 2844 4187 ar-
