3167 4984
530 369 707 434 1654

532 524 743 586 bantur,
764 537 902 574 nunc
925 524 1080 573 etiam
1104 524 1389 588 superstite
1406 523 1597 572 nostris

531 599 782 650 moribus.
860 598 1171 649 Claudianus
1205 599 1419 648 thalami
1456 606 1599 648 serta

528 676 723 726 exinde
742 684 910 726 vocat.
982 675 1117 724 Hinc
1133 675 1369 724 'Veneris
1392 675 1598 724 conscia

531 752 803 816 nuptialia.
838 752 1016 801 Barth.

603 827 735 884 Quin
750 829 856 891 ipsu
874 827 1117 890 tubarum]
1136 828 1257 876 Non
1273 827 1459 890 quippe,
1480 827 1598 876 libri

534 917 649 958 cnm
687 903 857 953 Aldo:
904 908 970 952 et‘
995 917 1111 951 mox
1150 917 1242 965 qua
1272 903 1441 951 Μία
1468 917 1598 952 unus

534 981 723 1030 Petav.
780 980 849 1029 D.
873 979 1047 1028 Heius.

602 1059 695 1106 147
734 1055 931 1104 Placato
940 1053 1143 1116 fulgure
1164 1056 1383 1119 vernant]
1419 1056 1600 1104 Pacato

534 1129 701 1181 Aldus
722 1137 777 1179 et
798 1131 977 1192 scripti
1001 1147 1014 1178 ε
1056 1131 1292 1180 similiter
1321 1131 1458 1194 apud
1481 1131 1599 1180 Sta-

534 1207 667 1258 tium
710 1205 902 1256 Achill.
931 1205 1229 1269 legendum,
1266 1206 1357 1254 ubi
1384 1206 1451 1255 de
1474 1207 1599 1256 Pal-

536 1281 653 1332 lade
677 1283 817 1344 agit:
855 1283 870 1309 ‘
890 1288 1133 1346 exempta
1156 1288 1375 1345 pacetur
1396 1283 1598 1331 casside

534 1359 727 1408 'vultum
728 1357 744 1380 ’
784 1358 979 1408 Noster
1002 1358 1157 1407 alibi:
1192 1359 1209 1386 ⁴
1226 1358 1441 1422 pudeat,
1466 1359 1599 1408 Gra·

534 1433 676 1498 dive,
716 1449 924 1484 secures
958 1435 1159 1484 Pacata
1182 1441 1389 1497 gestare
1411 1434 1600 1485 manu!

602 1590 698 1636 148
732 1587 1043 1641 Parthenium
1100 1586 1291 1635 canibus
1340 1552 1600 1636 uastatur

536 1661 744 1725 odorem]
778 1662 1155 1714 Revocavimus
1192 1655 1479 1725 antiquam
1494 1663 1598 1711 lec-

526 1740 747 1790 tionem.
813 1739 1025 1800 vulgati
1069 1736 1237 1786 odoris.
1284 1737 1602 1786 Parthenium

537 1818 725 1864 odorem
754 1815 909 1875 dixit,
946 1817 1214 1875 utapratum
1235 1815 1475 1864 moratum
1499 1815 1603 1863 Ne·

534 1891 821 1941 mesianus:
848 1889 1140 1952 ‘Namque
1166 1895 1221 1938 et
1243 1890 1459 1939 odorato
1492 1904 1604 1938 nos-

537 1971 665 2014 cunt
687 1965 907 2027 vestigia
929 1971 1081 2028 prato
1100 1965 1133 2012 :'
1171 1971 1227 2012 et
1256 1966 1429 2014 olidam
1450 1966 1603 2015 cubile

536 2041 763 2092 Rutilius
776 2039 1052 2090 Itinerario
1074 2057 1087 2089 ι
1110 2044 1125 2068 ‘
1145 2040 1498 2090 Instrumenta
1512 2055 1600 2104 pa-

536 2123 619 2164 rat
658 2117 881 2166 venandi
926 2116 1125 2166 villicus
1168 2116 1375 2179 hospes,
1422 2113 1602 2180 Atque

537 2192 728 2243 olidum
770 2193 951 2243 doctas
996 2206 1145 2242 nosse
1198 2192 1369 2240 cubile
1412 2192 1604 2242 canes!

538 2268 736 2316 Notum
773 2269 932 2317 Laevii
954 2267 1182 2332 μύουρον.
1230 2270 1245 2296 ‘
1271 2268 1456 2331 Dirige
1479 2269 1602 2318 odo·

538 2344 772 2408 risequos
790 2343 853 2393 ad
872 2352 1021 2395 certa
1044 2343 1237 2394 cubilia
1254 2344 1446 2393 canes?
1476 2345 1603 2394 Odo-

535 2422 607 2469 ris
644 2420 697 2469 in
740 2420 1013 2470 venatione
1048 2420 1207 2469 etiam
1229 2420 1463 2468 meminit
1483 2421 1603 2468 Vir-

540 2497 629 2560 gil.
652 2511 751 2544 vn.
773 2497 789 2524 ‘
810 2496 1019 2546 canibus
1042 2496 1237 2545 rabiem
1260 2495 1481 2560 Cocytia
1502 2497 1602 2545 vir-

538 2587 603 2635 go
644 2572 866 2636 Objicit,
902 2577 959 2621 et
992 2579 1118 2621 noto
1157 2585 1308 2620 nares
1346 2573 1602 2636 contingit

540 2647 730 2697 odore.'
764 2647 915 2696 Silius
940 2647 1034 2696 lib.
1058 2659 1112 2696 x.
1132 2647 1147 2674 ‘
1164 2654 1477 2711 conceptum
1492 2662 1601 2696 sec-

537 2726 681 2772 tatus
703 2720 935 2784 odorem,
955 2721 1247 2784 Deprendit
1265 2721 1443 2784 spissis
1460 2736 1602 2772 arca·

538 2812 609 2847 na
652 2796 839 2846 cubilia
872 2797 1075 2845 dumis!
1126 2797 1325 2846 Seneca
1360 2797 1605 2865 Thyeste,

538 2880 641 2924 act.
659 2887 746 2923 ιιι.
761 2876 778 2901 ‘
796 2873 881 2922 Sic
900 2887 1016 2922 cum
1027 2871 1165 2922 feras
1182 2873 1413 2936 vestigat
1426 2881 1480 2925 et
1494 2875 1604 2924 lon-

541 2963 606 3014 go
650 2963 813 3011 sagax
858 2948 997 2997 Loro
1037 2952 1246 2997 tenetur
1290 2947 1505 3012 Umber,
1542 2965 1604 2999 ac

539 3038 718 3089 presso
753 3025 863 3074 vias
900 3023 1176 3074 Scrutatur
1210 3037 1319 3086 ore,
1342 3024 1462 3074 dum
1486 3039 1605 3088 pro·

540 3101 626 3150 cul
649 3101 789 3150 lento
812 3113 953 3148 suem
979 3099 1159 3149 Odore
1182 3099 1378 3150 sentit!
1434 3101 1608 3150 Maro-

538 3177 749 3226 nianum
770 3176 898 3224 illud
936 3177 951 3203 ‘
977 3175 1137 3224 odora
1168 3190 1354 3225 canum
1386 3175 1477 3225 vis’
1512 3191 1606 3240 pro

527 3253 753 3317 .vulgata
767 3251 939 3300 facere
958 3251 1218 3313 scriptura
1240 3252 1405 3313 possit
1423 3252 1606 3303 videri.

542 3327 635 3377 sed
652 3332 884 3377 vetustos
904 3325 1110 3375 codices
1125 3325 1212 3374 hic
1230 3339 1435 3390 sequor.
1456 3325 1605 3376 Idem.

608 3405 702 3450 150
738 3401 921 3460 Im'ecta
978 3398 1189 3462 tandem]
1255 3399 1369 3450 Imo
1420 3406 1606 3451 tantum

540 3491 658 3527 eum
680 3475 906 3538 scriptis.
942 3475 1090 3524 Idem.

523 3599 533 3606 ,
609 3556 703 3601 152
738 3550 949 3614 Repetas]
1003 3548 1232 3614 Subitus,
1277 3550 1600 3614 improvisus.

544 3627 725 3678 Barth.

609 3707 703 3753 168
744 3702 883 3753 Velm
902 3701 1128 3764 occultas]
1187 3703 1493 3755 Cuniculnm
1518 3719 1604 3756 ac-

540 3785 651 3830 tum
694 3779 877 3828 subter
914 3780 1122 3844 moenia,
1163 3785 1221 3830 et
1255 3780 1307 3828 in
1340 3781 1604 3846 obsessam

541 3855 722 3907 urbem
745 3855 1137 3919 irrumpentem,
1160 3855 1429 3906 describit.
1450 3858 1602 3906 Idem.

606 3932 786 3982 Prodit
818 3932 872 3980 iu
902 3931 1101 3995 mem]
1154 3932 1331 3993 Pergit
1369 3934 1553 3997 scripti
1586 3930 1624 3993 ς’

538 4007 797 4076 quomodo
832 4011 890 4056 et
930 4006 1175 4070 Virgilius
1208 4006 1463 4071 dixerat,‘
1487 4024 1605 4073 per-

540 4095 664 4147 gere
685 4083 737 4132 in
759 4081 993 4132 bostem?
1058 4081 1189 4132 Mox
1224 4083 1371 4132 elusos
1406 4099 1509 4135 non
1531 4085 1605 4136 iu·

540 4159 689 4210 eluso·
725 4166 867 4210 recte
902 4157 1061 4210 iidem
1085 4158 1301 4222 scripti:=
1341 4160 1452 4212 aliis
1488 4161 1604 4225 jam

542 4233 726 4286 visum.
757 4233 827 4288 D.
848 4233 1022 4284 Hetm.

848 383 1066 432 No‘rAE
1110 381 1514 432 VARIORUM
1562 381 1646 430 IN
1697 381 1812 429 01..
1858 379 2136 429 omum.
2183 379 2440 428 XXXV.

1745 524 1840 570 168
1875 520 2076 570 Saturni
2111 518 2376 581 tenebrosa]
2420 515 2746 632 Membratim

1675 597 1922 648 latebrosa.
1959 598 2126 647 Idem.

1741 678 1835 724 171
1863 676 2094 737 Duraque
2111 676 2246 723 ἀιιιιη
2266 687 2491 736 compage
2507 671 2758 736 tenebant}

1675 753 1835 802 Multi
1867 752 2134 816 Siculaque,
2167 759 2474 815 perperam·
2509 765 2630 798 nam
2667 750 2752 800 ffi-

1669 830 1792 877 aeuloe
1809 829 2061 892 seqnitur.
2115 828 2307 890 Isingr.
2325 827 2592 889 sommum
2629 826 2751 888 logo

1674 905 1926 968 solidaque.
1959 905 2152 954 Lucan.
2190 903 2280 952 lib.
2321 916 2400 952 tx.
2448 903 2464 930 ‘
2485 903 2542 951 Si
2579 902 2751 952 solida

1680 981 1844 1043 Libye
1861 993 2114 1043 compage
2129 987 2186 1027 et
2199 979 2432 1041 pondere
2449 977 2578 1027 duro
2591 977 2749 1026 Clan-

1676 1055 1827 1104 deret
1859 1056 2030 1105 exesis
2076 1055 2324 1105 Austrum
2357 1055 2627 1118 scopqusa
2659 1069 2750 1104 ca-

1675 1132 1886 1182 vernis.'
1921 1131 2070 1180 Idem.

1742 1211 1838 1256 172
1877 1206 2093 1269 Trabaii]
2126 1206 2355 1270 Ingenti.
2389 1207 2566 1256 Barth.
2653 1225 2658 1230 ·
2713 1215 2744 1224 ’·

1743 1287 1837 1332 173
1870 1282 2046 1332 Sicula
2085 1297 2278 1332 munere
2311 1283 2544 1345 caum]
2573 1283 2748 1346 Scrip-

1677 1358 1718 1407 ti
1763 1359 1998 1408 nonnulli
2037 1363 2262 1416 tonuere,-
2295 1359 2514 1408 rectius
2561 1358 2750 1421 Vir-gil.

1674 1433 1790 1482 AEn.
1812 1447 1904 1482 ιιι.
1939 1433 2227 1482 ‘horrificis
2242 1434 2402 1496 juxta
2410 1439 2570 1482 tonat
2588 1435 2752 1484 AEtna

1675 1508 1871 1558 ruinis?
1909 1509 1990 1558 De
2029 1509 2238 1559 eadem
2250 1508 2414 1558 Silius
2445 1521 2567 1558 xnr.
2609 1510 2750 1571 ‘per

1675 1598 1840 1634 caecos
1865 1591 2008 1634 tonat
2028 1585 2314 1648 irrequieta
2328 1583 2600 1647 fragores.
2632 1585 2749 1634 Sta-

1679 1660 1798 1722 tius,
1816 1659 1978 1708 Theb.
1997 1671 2100 1709 ιιι.
2128 1659 2357 1722 ‘procul
2377 1660 2558 1721 igneus
2579 1660 2752 1708 antris

1676 1738 1830 1786 Mons
1867 1743 2031 1798 tonat,
2065 1735 2333 1784 exundant
2355 1733 2582 1798 apices!
2607 1735 2748 1799 quod

1677 1819 1856 1862 noster
1893 1813 2124 1861 imitatus
2161 1810 2330 1860 infra:
2375 1812 2391 1839 ‘
2432 1812 2750 1876 Compressu

1676 1902 1824 1938 mons
1868 1888 1987 1951 igne
2023 1887 2204 1938 tonat!
2260 1889 2381 1938 Val.
2415 1888 2632 1936 Flaccus
2670 1901 2751 1939 nv.

1677 1965 1693 1993 ⁴
1709 1964 1798 2013 Sic
1815 1964 1902 2013 ubi
1919 1964 2168 2026 praerupti
2186 1965 2354 2013 tonuit
2371 1977 2488 2014 cum
2505 1963 2753 2014 forteVe·

1679 2041 1787 2088 sevi
1807 2041 2078 2103 Hesperiae
2089 2041 2297 2090 lethalis
2312 2039 2480 2104 apex.’
2497 2041 2749 2090 DJIeins.

1745 2121 1840 2166 177
1879 2118 1951 2166 Et
1988 2118 2070 2180 qui
2109 2121 2160 2166 te
2197 2116 2332 2179 latis]
2384 2118 2505 2166 Duo
2533 2116 2752 2168 Juniani

1680 2195 1735 2240 et
1758 2205 1888 2242 unus
1917 2190 2156 2242 Ambros.
2179 2192 2358 2253 latiis,
2395 2198 2451 2242 ut
2469 2206 2601 2255 puer
2623 2193 2750 2242 olim

1679 2267 2002 2332 conjeceram
2023 2283 2036 2316 t
2055 2267 2132 2317 sic
2149 2267 2316 2317 Latio·
2329 2267 2592 2330 triumphos
2612 2265 2752 2318 dixit

1680 2357 1754 2393 v1.
1779 2343 1933 2393 Cous.
1957 2343 2100 2393 Hon.
2141 2345 2157 2372 ⁶
2183 2344 2420 2393 Candida
2457 2344 2544 2407 qui
2582 2343 2750 2398 Latiis

1680 2418 1918 2482 praebent
1967 2425 2202 2468 armenta
2241 2419 2544 2482 triumphis?
2619 2414 2752 2467 Par-i

1677 2495 1833 2544 modo
1855 2501 2104 2558 peccatur
2119 2494 2257 2557 apud
2278 2493 2476 2555 Silium,
2493 2493 2628 2544 libro
2646 2507 2751 2544 ιιι.

1678 2570 1768 2619 illo
1813 2584 1998 2620 versu:
2049 2575 2064 2598 ‘
2093 2583 2332 2620 resonare
2369 2569 2592 2622 docebit
2639 2569 2750 2620 Hie

1679 2646 1841 2696 Latiis
1881 2647 2139 2697 Helicona
2177 2645 2344 2696 modis
2365 2645 2398 2694 ι’
2441 2644 2753 2710 frequentis·

1678 2723 1805 2773 sime
1821 2723 1908 2772 hic
1931 2738 2079 2774 error
2099 2739 2132 2774 a
2153 2723 2375 2772 librariis
2399 2722 2594 2785 supinis
2611 2737 2752 2772 eom-

1677 2799 1882 2848 missus.
1959 2799 2112 2849 Vidit
2166 2799 2262 2848 boc
2311 2800 2448 2849 curis
2503 2799 2748 2848 secundis

1681 2873 1926 2923 Bartbius
1947 2888 1960 2922 ι
1994 2873 2182 2922 similes
2203 2887 2380 2924 naevos
2401 2874 2599 2923 Nasoni
2621 2875 2750 2923 urul-

1679 2948 1746 2997 tis
1763 2949 1816 2997 in
1840 2948 1966 2998 locis
1989 2949 2310 3000 detersimus.
2365 2949 2653 3013 Sequentia
2679 2963 2750 3000 ex

1676 3023 1781 3072 illis
1817 3023 2136 3074 Maronianis
2159 3038 2408 3087 expressa
2429 3031 2581 3075 sunt:
2609 3027 2632 3054 ‘⁶
2655 3040 2750 3074 un-

1679 3097 1802 3148 dam
1821 3097 1952 3148 levis
1971 3100 2170 3148 innatat
2189 3101 2332 3150 alnus
2373 3099 2540 3148 Missa
2560 3099 2749 3153 Pado?

1681 3172 1832 3224 Idem.

1746 3253 1843 3298 179
1876 3249 1980 3311 Sic,
2015 3265 2139 3312 cum,
2175 3250 2284 3314 qma]
2317 3251 2591 3314 Stagnavit
2623 3250 2750 3300 olim

1679 3325 1942 3375 Thessalia
1960 3329 2044 3390 (ut
2063 3327 2136 3376 ait
2153 3325 2372 3391 Strabo)
2395 3329 2486 3376 sed
2509 3333 2626 3390 post
2644 3333 2749 3376 ter-

1680 3415 1753 3450 rae
1775 3409 1971 3450 motum
1993 3401 2203 3464 abrupti
2224 3409 2448 3464 montes,
2475 3407 2631 3467 atque
2655 3403 2750 3452 dn·-

1679 3485 1766 3527 tus
1807 3479 1952 3541 aquis
1995 3478 2182 3528 exitus.
2263 3478 2340 3528 At
2380 3478 2646 3528 Diodorus
2689 3484 2750 3528 et

1677 3553 1874 3602 Seneca
1895 3552 1948 3600 id
1973 3553 2206 3616 Herculi,
2239 3567 2342 3602 non
2364 3555 2522 3604 etiam
2547 3555 2750 3618 Neptu·

1679 3641 1744 3677 no
1767 3628 2024 3678 tribuunt.
2062 3630 2250 3679 Closer.
2301 3655 2308 3660 ·

1746 3709 1840 3754 180
1870 3706 2304 3770 Peneostugmnte]
2333 3707 2576 3774 Alioquin
2593 3720 2748 3772 grau·
2807 3741 2812 3748 ·

1680 3780 1758 3828 dis
1781 3781 1867 3830 hic
1884 3779 2094 3844 fluvius,
2115 3787 2302 3846 utpote
2323 3783 2376 3831 in
2393 3785 2536 3849 cujus
2557 3793 2748 3835 nomen

1679 3857 1893 3908 veniant
1923 3866 2164 3922 quatuor,
2207 3867 2296 3908 aut
2319 3855 2594 3911 duodecim
2613 3861 2749 3910 adeo

1680 3935 1798 3998 ipsi,
1821 3935 1926 3984 alii.
1958 3935 2136 3998 Barth.

1747 4011 1818 4058 Et
1839 4025 1992 4058 mersa
2027 4015 2224 4072 negaret
2261 4011 2396 4061 Arna
2433 4009 2546 4072 coli]
2585 4013 2746 4074 Nega-

1679 4091 1786 4136 rent
1819 4093 2020 4148 septem
2043 4086 2159 4135 libri
2185 4101 2278 4150 pro
2299 4093 2586 4150 recusarent,
2606 4087 2746 4151 quod

1661 4175 1889 4224 ‘verumt
1931 4161 2018 4210 lib.
2059 4175 2100 4212 ι.
2142 4163 2196 4212 in
2240 4163 2462 4226 Eutrop.
2502 4163 2746 4213 ‘cedere

1678 4237 1819 4300 ligna
1838 4236 2025 4286 culinae
2045 4237 2285 4292 Membra
2303 4239 2532 4304 negant.’
2564 4237 2748 4302 Silius,
