<?xml version="1.0" encoding="UTF-8"?>
<!DOCTYPE html PUBLIC "-//W3C//DTD XHTML 1.0 Transitional//EN"
    "http://www.w3.org/TR/xhtml1/DTD/xhtml1-transitional.dtd">
<html xmlns="http://www.w3.org/1999/xhtml" xml:lang="en" lang="en">
 <head>
  <title>
</title>
<meta http-equiv="Content-Type" content="text/html;charset=utf-8" />
  <meta name='ocr-system' content='tesseract 3.04.00' />
  <meta name='ocr-capabilities' content='ocr_page ocr_carea ocr_par ocr_line ocrx_word'/>
</head>
<body>
  <div class='ocr_page' id='page_1' title='image "./operaomnia01claugoog/operaomnia01claugoog_0016.png"; bbox 0 0 3167 4984; ppageno 0'>
   <div class='ocr_carea' id='block_1_1' title="bbox 485 368 660 437">
    <p class='ocr_par' dir='ltr' id='par_1_1' title="bbox 485 368 660 437">
     <span class='ocr_line' id='line_1_1' title="bbox 485 368 660 437; baseline 0 -2"><span class='ocrx_word' id='word_1_1' title='bbox 485 368 660 437; x_wconf 73' lang='lat'><strong>1464</strong></span> 
     </span>
    </p>
   </div>
   <div class='ocr_carea' id='block_1_2' title="bbox 466 526 1552 4173">
    <p class='ocr_par' dir='ltr' id='par_1_2' title="bbox 481 526 1552 747">
     <span class='ocr_line' id='line_1_2' title="bbox 485 526 1552 581; baseline -0.004 0"><span class='ocrx_word' id='word_1_2' title='bbox 485 544 548 581; x_wconf 89' lang='lat' dir='ltr'><strong>ce</strong></span> <span class='ocrx_word' id='word_1_3' title='bbox 563 528 962 581; x_wconf 71' lang='lat' dir='ltr'><strong>effoeminatumt</strong></span> <span class='ocrx_word' id='word_1_4' title='bbox 989 526 1354 577; x_wconf 80' lang='lat' dir='ltr'><strong>Eunuchorum</strong></span> <span class='ocrx_word' id='word_1_5' title='bbox 1371 530 1552 577; x_wconf 70' lang='lat' dir='ltr'><strong>autem</strong></span> 
     </span>
     <span class='ocr_line' id='line_1_3' title="bbox 483 602 1546 670; baseline -0.006 -13"><span class='ocrx_word' id='word_1_6' title='bbox 483 607 640 659; x_wconf 81' lang='lat' dir='ltr'><strong>titulo</strong></span> <span class='ocrx_word' id='word_1_7' title='bbox 659 606 822 670; x_wconf 77' lang='lat' dir='ltr'><strong>digni,</strong></span> <span class='ocrx_word' id='word_1_8' title='bbox 843 605 933 669; x_wconf 85' lang='lat' dir='ltr'><strong>qui</strong></span> <span class='ocrx_word' id='word_1_9' title='bbox 957 604 1053 654; x_wconf 85' lang='lat' dir='ltr'><strong>snb</strong></span> <span class='ocrx_word' id='word_1_10' title='bbox 1081 603 1319 653; x_wconf 78' lang='lat' dir='ltr'><strong>Eunuchi</strong></span> <span class='ocrx_word' id='word_1_11' title='bbox 1339 602 1546 653; x_wconf 81' lang='lat' dir='ltr'><strong>vexillis</strong></span> 
     </span>
     <span class='ocr_line' id='line_1_4' title="bbox 481 682 1232 747; baseline -0.001 -13"><span class='ocrx_word' id='word_1_12' title='bbox 481 684 706 735; x_wconf 64' lang='lat' dir='ltr'><strong>militare</strong></span> <span class='ocrx_word' id='word_1_13' title='bbox 727 689 1021 747; x_wconf 85' lang='lat' dir='ltr'><strong>potuerunt.</strong></span> <span class='ocrx_word' id='word_1_14' title='bbox 1056 682 1232 733; x_wconf 67' lang='lat' dir='ltr'><strong>Boeth.</strong></span> 
     </span>
    </p>

    <p class='ocr_par' dir='ltr' id='par_1_3' title="bbox 476 755 1550 1587">
     <span class='ocr_line' id='line_1_5' title="bbox 543 755 1544 823; baseline -0.007 -11"><span class='ocrx_word' id='word_1_15' title='bbox 543 760 649 812; x_wconf 66' lang='lat'><strong>8250</strong></span> <span class='ocrx_word' id='word_1_16' title='bbox 676 760 1072 823; x_wconf 71' lang='lat' dir='ltr'><strong>Hellespontiacis</strong></span> <span class='ocrx_word' id='word_1_17' title='bbox 1107 758 1230 819; x_wconf 74' lang='lat' dir='ltr'><strong>legio</strong></span> <span class='ocrx_word' id='word_1_18' title='bbox 1263 755 1544 819; x_wconf 65' lang='lat' dir='ltr'><strong>dignissim</strong></span> 
     </span>
     <span class='ocr_line' id='line_1_6' title="bbox 477 832 1546 901; baseline -0.005 -14"><span class='ocrx_word' id='word_1_19' title='bbox 477 837 654 901; x_wconf 71' lang='lat' dir='ltr'><strong>sig-isis]</strong></span> <span class='ocrx_word' id='word_1_20' title='bbox 697 838 828 889; x_wconf 77' lang='lat' dir='ltr'><strong>Quae</strong></span> <span class='ocrx_word' id='word_1_21' title='bbox 869 835 1116 885; x_wconf 72' lang='lat' dir='ltr'><strong>militaret</strong></span> <span class='ocrx_word' id='word_1_22' title='bbox 1157 834 1255 885; x_wconf 90' lang='lat' dir='ltr'><strong>sub</strong></span> <span class='ocrx_word' id='word_1_23' title='bbox 1299 832 1546 897; x_wconf 72' lang='lat' dir='ltr'>auspiciis</span> 
     </span>
     <span class='ocr_line' id='line_1_7' title="bbox 482 909 1542 977; baseline -0.006 -14"><span class='ocrx_word' id='word_1_24' title='bbox 482 914 766 977; x_wconf 75' lang='lat' dir='ltr'><strong>Principis,</strong></span> <span class='ocrx_word' id='word_1_25' title='bbox 783 927 886 976; x_wconf 85' lang='lat' dir='ltr'><strong>qno</strong></span> <span class='ocrx_word' id='word_1_26' title='bbox 919 912 1053 961; x_wconf 88' lang='lat' dir='ltr'><strong>duce</strong></span> <span class='ocrx_word' id='word_1_27' title='bbox 1085 909 1382 974; x_wconf 80' lang='lat' dir='ltr'><strong>gaudebant</strong></span> <span class='ocrx_word' id='word_1_28' title='bbox 1404 909 1542 959; x_wconf 88' lang='lat' dir='ltr'><strong>vide-</strong></span> 
     </span>
     <span class='ocr_line' id='line_1_8' title="bbox 478 986 1544 1039; baseline -0.007 1"><span class='ocrx_word' id='word_1_29' title='bbox 478 990 606 1039; x_wconf 81' lang='lat' dir='ltr'><strong>licet</strong></span> <span class='ocrx_word' id='word_1_30' title='bbox 645 988 886 1039; x_wconf 83' lang='lat' dir='ltr'><strong>Eunuchi</strong></span> <span class='ocrx_word' id='word_1_31' title='bbox 912 987 987 1037; x_wconf 90' lang='lat' dir='ltr'><strong>illi</strong></span> <span class='ocrx_word' id='word_1_32' title='bbox 1010 986 1310 1037; x_wconf 80' lang='lat' dir='ltr'><strong>orientales</strong></span> <span class='ocrx_word' id='word_1_33' title='bbox 1333 991 1544 1034; x_wconf 84' lang='lat' dir='ltr'><strong>noctur-</strong></span> 
     </span>
     <span class='ocr_line' id='line_1_9' title="bbox 479 1061 1545 1127; baseline -0.007 -12"><span class='ocrx_word' id='word_1_34' title='bbox 479 1066 560 1116; x_wconf 86' lang='lat' dir='ltr'><strong>nis</strong></span> <span class='ocrx_word' id='word_1_35' title='bbox 579 1066 744 1115; x_wconf 84' lang='lat' dir='ltr'><strong>bellis.</strong></span> <span class='ocrx_word' id='word_1_36' title='bbox 795 1066 892 1113; x_wconf 87' lang='lat' dir='ltr'><strong>Est</strong></span> <span class='ocrx_word' id='word_1_37' title='bbox 913 1061 1254 1127; x_wconf 84' lang='lat' dir='ltr'><strong>opprobrium</strong></span> <span class='ocrx_word' id='word_1_38' title='bbox 1275 1061 1545 1124; x_wconf 73' lang='lat' dir='ltr'><strong>patientiae</strong></span> 
     </span>
     <span class='ocr_line' id='line_1_10' title="bbox 477 1134 1550 1199; baseline -0.006 -8"><span class='ocrx_word' id='word_1_39' title='bbox 477 1140 774 1191; x_wconf 85' lang='lat' dir='ltr'><strong>muliebris:</strong></span> <span class='ocrx_word' id='word_1_40' title='bbox 829 1153 932 1188; x_wconf 88' lang='lat' dir='ltr'><strong>non</strong></span> <span class='ocrx_word' id='word_1_41' title='bbox 969 1139 1140 1199; x_wconf 85' lang='lat' dir='ltr'><strong>aliter,</strong></span> <span class='ocrx_word' id='word_1_42' title='bbox 1186 1134 1550 1185; x_wconf 74' lang='lat' dir='ltr'><strong>insimulandoe.</strong></span> 
     </span>
     <span class='ocr_line' id='line_1_11' title="bbox 479 1214 1543 1281; baseline -0.006 -14"><span class='ocrx_word' id='word_1_43' title='bbox 479 1217 716 1281; x_wconf 86' lang='lat' dir='ltr'><strong>ejusdem</strong></span> <span class='ocrx_word' id='word_1_44' title='bbox 763 1216 1015 1278; x_wconf 62' lang='lat' dir='ltr'><strong>mollinse,</strong></span> <span class='ocrx_word' id='word_1_45' title='bbox 1057 1216 1306 1277; x_wconf 85' lang='lat' dir='ltr'><strong>Priapum</strong></span> <span class='ocrx_word' id='word_1_46' title='bbox 1359 1214 1543 1263; x_wconf 86' lang='lat' dir='ltr'><strong>Cassio</strong></span> 
     </span>
     <span class='ocr_line' id='line_1_12' title="bbox 479 1288 1540 1356; baseline -0.005 -14"><span class='ocrx_word' id='word_1_47' title='bbox 479 1293 712 1347; x_wconf 62' lang='lat' dir='ltr'><strong>citarem.</strong></span> <span class='ocrx_word' id='word_1_48' title='bbox 735 1294 936 1356; x_wconf 87' lang='lat' dir='ltr'><strong>signnm</strong></span> <span class='ocrx_word' id='word_1_49' title='bbox 973 1290 1204 1339; x_wconf 87' lang='lat' dir='ltr'><strong>militare</strong></span> <span class='ocrx_word' id='word_1_50' title='bbox 1225 1289 1384 1339; x_wconf 86' lang='lat' dir='ltr'><strong>dabat</strong></span> <span class='ocrx_word' id='word_1_51' title='bbox 1409 1288 1540 1337; x_wconf 86' lang='lat' dir='ltr'><strong>Cali-</strong></span> 
     </span>
     <span class='ocr_line' id='line_1_13' title="bbox 476 1366 1542 1433; baseline -0.004 -15"><span class='ocrx_word' id='word_1_52' title='bbox 476 1370 610 1433; x_wconf 80' lang='lat' dir='ltr'><strong>gula.</strong></span> <span class='ocrx_word' id='word_1_53' title='bbox 648 1369 874 1431; x_wconf 75' lang='lat' dir='ltr'><strong>Priapus</strong></span> <span class='ocrx_word' id='word_1_54' title='bbox 895 1372 1066 1417; x_wconf 89' lang='lat' dir='ltr'><strong>autem</strong></span> <span class='ocrx_word' id='word_1_55' title='bbox 1085 1366 1436 1429; x_wconf 80' lang='lat' dir='ltr'><strong>Hellesponto</strong></span> <span class='ocrx_word' id='word_1_56' title='bbox 1453 1380 1542 1429; x_wconf 87' lang='lat' dir='ltr'><strong>pe-.</strong></span> 
     </span>
     <span class='ocr_line' id='line_1_14' title="bbox 477 1441 1541 1495; baseline -0.005 0"><span class='ocrx_word' id='word_1_57' title='bbox 477 1446 674 1495; x_wconf 76' lang='lat' dir='ltr'><strong>caliate</strong></span> <span class='ocrx_word' id='word_1_58' title='bbox 706 1444 926 1495; x_wconf 84' lang='lat' dir='ltr'><strong>Idolum.</strong></span> <span class='ocrx_word' id='word_1_59' title='bbox 991 1443 1262 1493; x_wconf 83' lang='lat' dir='ltr'><strong>Sidonius:</strong></span> <span class='ocrx_word' id='word_1_60' title='bbox 1297 1443 1314 1471; x_wconf 99' lang='grc'><strong><em>6</em></strong></span> <span class='ocrx_word' id='word_1_61' title='bbox 1337 1441 1541 1491; x_wconf 86' lang='lat' dir='ltr'><strong>Helles-</strong></span> 
     </span>
     <span class='ocr_line' id='line_1_15' title="bbox 478 1518 1355 1587; baseline -0.003 -15"><span class='ocrx_word' id='word_1_62' title='bbox 478 1522 708 1587; x_wconf 86' lang='lat' dir='ltr'><strong>pontiaci</strong></span> <span class='ocrx_word' id='word_1_63' title='bbox 731 1527 936 1587; x_wconf 86' lang='lat' dir='ltr'><strong>patrem</strong></span> <span class='ocrx_word' id='word_1_64' title='bbox 951 1518 1169 1583; x_wconf 86' lang='lat' dir='ltr'><strong>Priapi.&#39;</strong></span> <span class='ocrx_word' id='word_1_65' title='bbox 1201 1520 1355 1569; x_wconf 80' lang='lat' dir='ltr'><strong>Idem.</strong></span> 
     </span>
    </p>

    <p class='ocr_par' dir='ltr' id='par_1_4' title="bbox 473 1594 1541 1811">
     <span class='ocr_line' id='line_1_16' title="bbox 540 1594 1541 1659; baseline -0.004 -12"><span class='ocrx_word' id='word_1_66' title='bbox 540 1602 635 1647; x_wconf 75' lang='lat'><strong>2⁵⁷</strong></span> <span class='ocrx_word' id='word_1_67' title='bbox 671 1596 1094 1659; x_wconf 66' lang='lat' dir='ltr'><strong>Defensor-amque]</strong></span> <span class='ocrx_word' id='word_1_68' title='bbox 1125 1595 1258 1645; x_wconf 91' lang='lat' dir='ltr'><strong>Post</strong></span> <span class='ocrx_word' id='word_1_69' title='bbox 1277 1594 1410 1643; x_wconf 85' lang='lat' dir='ltr'><strong>bene</strong></span> <span class='ocrx_word' id='word_1_70' title='bbox 1427 1607 1541 1644; x_wconf 82' lang='lat' dir='ltr'><strong>rem.</strong></span> 
     </span>
     <span class='ocr_line' id='line_1_17' title="bbox 475 1670 1536 1740; baseline -0.006 -15"><span class='ocrx_word' id='word_1_71' title='bbox 475 1684 571 1740; x_wconf 79' lang='lat' dir='ltr'><strong>pro</strong></span> <span class='ocrx_word' id='word_1_72' title='bbox 593 1672 884 1739; x_wconf 84' lang='lat' dir='ltr'><strong>Republica</strong></span> <span class='ocrx_word' id='word_1_73' title='bbox 913 1679 1109 1736; x_wconf 84' lang='lat' dir='ltr'><strong>gestam</strong></span> <span class='ocrx_word' id='word_1_74' title='bbox 1139 1672 1237 1721; x_wconf 87' lang='lat' dir='ltr'><strong>hoc</strong></span> <span class='ocrx_word' id='word_1_75' title='bbox 1272 1670 1426 1721; x_wconf 86' lang='lat' dir='ltr'><strong>titulo</strong></span> <span class='ocrx_word' id='word_1_76' title='bbox 1449 1670 1536 1720; x_wconf 86' lang='lat' dir='ltr'><strong>bo-</strong></span> 
     </span>
     <span class='ocr_line' id='line_1_18' title="bbox 473 1746 1514 1811; baseline -0.004 -10"><span class='ocrx_word' id='word_1_77' title='bbox 473 1750 798 1801; x_wconf 85' lang='lat' dir='ltr'><strong>norabantnr</strong></span> <span class='ocrx_word' id='word_1_78' title='bbox 819 1761 1062 1811; x_wconf 79' lang='lat' dir='ltr'><strong>proceres</strong></span> <span class='ocrx_word' id='word_1_79' title='bbox 1085 1746 1328 1797; x_wconf 85' lang='lat' dir='ltr'><strong>Romani.</strong></span> <span class='ocrx_word' id='word_1_80' title='bbox 1361 1747 1514 1797; x_wconf 76' lang='lat' dir='ltr'><strong>Idem.</strong></span> 
     </span>
    </p>

    <p class='ocr_par' dir='ltr' id='par_1_5' title="bbox 472 1822 1541 2031">
     <span class='ocr_line' id='line_1_19' title="bbox 537 1822 1538 1885; baseline -0.003 -10"><span class='ocrx_word' id='word_1_81' title='bbox 537 1828 639 1875; x_wconf 73' lang='lat'><strong>259</strong></span> <span class='ocrx_word' id='word_1_82' title='bbox 683 1823 981 1873; x_wconf 79' lang='lat' dir='ltr'><strong>Distendisss</strong></span> <span class='ocrx_word' id='word_1_83' title='bbox 1007 1822 1180 1885; x_wconf 75' lang='lat' dir='ltr'><strong>genas]</strong></span> <span class='ocrx_word' id='word_1_84' title='bbox 1235 1824 1538 1873; x_wconf 72' lang='lat' dir='ltr'><strong>Contendisoe</strong></span> 
     </span>
     <span class='ocr_line' id='line_1_20' title="bbox 472 1899 1541 1967; baseline -0.003 -16"><span class='ocrx_word' id='word_1_85' title='bbox 472 1903 672 1967; x_wconf 81' lang='lat' dir='ltr'><strong>primus</strong></span> <span class='ocrx_word' id='word_1_86' title='bbox 679 1908 771 1955; x_wconf 74' lang='lat' dir='ltr'><strong>,ter</strong></span> <span class='ocrx_word' id='word_1_87' title='bbox 777 1902 981 1965; x_wconf 83' lang='lat' dir='ltr'><strong>tiusque</strong></span> <span class='ocrx_word' id='word_1_88' title='bbox 992 1899 1235 1951; x_wconf 86' lang='lat' dir='ltr'><strong>Vaticani</strong></span> <span class='ocrx_word' id='word_1_89' title='bbox 1245 1906 1302 1951; x_wconf 88' lang='lat' dir='ltr'><strong>et</strong></span> <span class='ocrx_word' id='word_1_90' title='bbox 1319 1899 1541 1950; x_wconf 85' lang='lat' dir='ltr'><strong>Oiseliu-</strong></span> 
     </span>
     <span class='ocr_line' id='line_1_21' title="bbox 474 1978 886 2031; baseline -0.01 -1"><span class='ocrx_word' id='word_1_91' title='bbox 474 1990 584 2031; x_wconf 84' lang='lat' dir='ltr'><strong>nus.</strong></span> <span class='ocrx_word' id='word_1_92' title='bbox 620 1980 694 2029; x_wconf 90' lang='lat' dir='ltr'><strong>D.</strong></span> <span class='ocrx_word' id='word_1_93' title='bbox 711 1978 886 2027; x_wconf 77' lang='lat' dir='ltr'><strong>Heius.</strong></span> 
     </span>
    </p>

    <p class='ocr_par' dir='ltr' id='par_1_6' title="bbox 473 2050 1537 2269">
     <span class='ocr_line' id='line_1_22' title="bbox 536 2050 1536 2117; baseline -0.007 -11"><span class='ocrx_word' id='word_1_94' title='bbox 536 2061 636 2106; x_wconf 77' lang='lat'><strong>260</strong></span> <span class='ocrx_word' id='word_1_95' title='bbox 673 2054 866 2117; x_wconf 68' lang='lat' dir='ltr'><strong>Raetis]</strong></span> <span class='ocrx_word' id='word_1_96' title='bbox 901 2053 1133 2115; x_wconf 79' lang='lat' dir='ltr'><strong>Calvam,</strong></span> <span class='ocrx_word' id='word_1_97' title='bbox 1160 2066 1190 2101; x_wconf 84' lang='lat' dir='ltr'><strong>a</strong></span> <span class='ocrx_word' id='word_1_98' title='bbox 1216 2050 1536 2101; x_wconf 88' lang='lat' dir='ltr'><strong>teredinibus</strong></span> 
     </span>
     <span class='ocr_line' id='line_1_23' title="bbox 473 2127 1537 2190; baseline -0.006 -7"><span class='ocrx_word' id='word_1_99' title='bbox 473 2138 532 2183; x_wconf 85' lang='lat' dir='ltr'><strong>et</strong></span> <span class='ocrx_word' id='word_1_100' title='bbox 565 2132 722 2181; x_wconf 85' lang='lat' dir='ltr'><strong>tineis</strong></span> <span class='ocrx_word' id='word_1_101' title='bbox 766 2143 992 2179; x_wconf 82' lang='lat' dir='ltr'><strong>exesam.</strong></span> <span class='ocrx_word' id='word_1_102' title='bbox 1055 2128 1256 2190; x_wconf 72' lang='lat' dir='ltr'><strong>Supraz</strong></span> <span class='ocrx_word' id='word_1_103' title='bbox 1313 2127 1330 2154; x_wconf 89' lang='lat'>‘</span> <span class='ocrx_word' id='word_1_104' title='bbox 1355 2132 1537 2189; x_wconf 81' lang='lat' dir='ltr'><strong>turpes</strong></span> 
     </span>
     <span class='ocr_line' id='line_1_24' title="bbox 473 2202 1318 2269; baseline -0.007 -10"><span class='ocrx_word' id='word_1_105' title='bbox 473 2206 716 2259; x_wconf 81' lang='lat' dir='ltr'><strong>Exedere</strong></span> <span class='ocrx_word' id='word_1_106' title='bbox 733 2211 898 2269; x_wconf 83' lang='lat' dir='ltr'><strong>caput</strong></span> <span class='ocrx_word' id='word_1_107' title='bbox 918 2204 1106 2254; x_wconf 60' lang='lat' dir='ltr'><strong>tineae?</strong></span> <span class='ocrx_word' id='word_1_108' title='bbox 1141 2202 1318 2253; x_wconf 69' lang='lat' dir='ltr'><strong>Barth.</strong></span> 
     </span>
    </p>

    <p class='ocr_par' dir='ltr' id='par_1_7' title="bbox 469 2276 1537 2726">
     <span class='ocr_line' id='line_1_25' title="bbox 537 2276 1537 2345; baseline -0.006 -12"><span class='ocrx_word' id='word_1_109' title='bbox 537 2288 636 2333; x_wconf 75' lang='lat'><strong>26²</strong></span> <span class='ocrx_word' id='word_1_110' title='bbox 676 2282 820 2333; x_wconf 79' lang='lat' dir='ltr'><strong>Ultra</strong></span> <span class='ocrx_word' id='word_1_111' title='bbox 852 2280 1114 2345; x_wconf 70' lang='lat' dir='ltr'><strong>nequitiam</strong></span> <span class='ocrx_word' id='word_1_112' title='bbox 1135 2278 1337 2341; x_wconf 76' lang='lat' dir='ltr'><strong>fractis]</strong></span> <span class='ocrx_word' id='word_1_113' title='bbox 1399 2276 1537 2329; x_wconf 76' lang='lat' dir='ltr'><strong>Moi-</strong></span> 
     </span>
     <span class='ocr_line' id='line_1_26' title="bbox 469 2357 1536 2419; baseline -0.005 -9"><span class='ocrx_word' id='word_1_114' title='bbox 469 2358 600 2411; x_wconf 76' lang='lat' dir='ltr'><strong>litiae</strong></span> <span class='ocrx_word' id='word_1_115' title='bbox 621 2374 728 2415; x_wconf 75' lang='lat' dir='ltr'><strong>suae</strong></span> <span class='ocrx_word' id='word_1_116' title='bbox 759 2357 957 2407; x_wconf 86' lang='lat' dir='ltr'><strong>addens</strong></span> <span class='ocrx_word' id='word_1_117' title='bbox 989 2357 1264 2419; x_wconf 73' lang='lat' dir='ltr'><strong>ploratum,</strong></span> <span class='ocrx_word' id='word_1_118' title='bbox 1296 2368 1398 2419; x_wconf 87' lang='lat' dir='ltr'><strong>quo</strong></span> <span class='ocrx_word' id='word_1_119' title='bbox 1429 2369 1536 2405; x_wconf 82' lang='lat' dir='ltr'><strong>ma·</strong></span> 
     </span>
     <span class='ocr_line' id='line_1_27' title="bbox 473 2430 1534 2501; baseline -0.006 -16"><span class='ocrx_word' id='word_1_120' title='bbox 473 2436 552 2501; x_wconf 87' lang='lat' dir='ltr'><strong>gis</strong></span> <span class='ocrx_word' id='word_1_121' title='bbox 573 2436 730 2485; x_wconf 88' lang='lat' dir='ltr'><strong>etiam</strong></span> <span class='ocrx_word' id='word_1_122' title='bbox 752 2432 961 2497; x_wconf 82' lang='lat' dir='ltr'><strong>frangat</strong></span> <span class='ocrx_word' id='word_1_123' title='bbox 981 2446 1178 2495; x_wconf 80' lang='lat' dir='ltr'><strong>vocem,</strong></span> <span class='ocrx_word' id='word_1_124' title='bbox 1200 2432 1430 2495; x_wconf 78' lang='lat' dir='ltr'><strong>alioquin</strong></span> <span class='ocrx_word' id='word_1_125' title='bbox 1461 2430 1534 2480; x_wconf 88' lang='lat' dir='ltr'><strong>ef-</strong></span> 
     </span>
     <span class='ocr_line' id='line_1_28' title="bbox 469 2508 1537 2573; baseline -0.004 -12"><span class='ocrx_word' id='word_1_126' title='bbox 469 2510 806 2563; x_wconf 79' lang='lat' dir='ltr'><strong>foeminatam.</strong></span> <span class='ocrx_word' id='word_1_127' title='bbox 882 2510 1114 2573; x_wconf 74' lang='lat' dir='ltr'><strong>Nequitia</strong></span> <span class='ocrx_word' id='word_1_128' title='bbox 1156 2515 1240 2559; x_wconf 85' lang='lat' dir='ltr'><strong>est</strong></span> <span class='ocrx_word' id='word_1_129' title='bbox 1283 2508 1537 2558; x_wconf 75' lang='lat' dir='ltr'><strong>amatoria.</strong></span> 
     </span>
     <span class='ocr_line' id='line_1_29' title="bbox 470 2584 1533 2649; baseline -0.005 -12"><span class='ocrx_word' id='word_1_130' title='bbox 470 2588 734 2637; x_wconf 82' lang='lat' dir='ltr'><strong>mollities.</strong></span> <span class='ocrx_word' id='word_1_131' title='bbox 800 2586 1052 2635; x_wconf 79' lang='lat' dir='ltr'><strong>Ovidius:</strong></span> <span class='ocrx_word' id='word_1_132' title='bbox 1088 2586 1104 2614; x_wconf 87' lang='lat'>‘</span> <span class='ocrx_word' id='word_1_133' title='bbox 1127 2584 1226 2633; x_wconf 89' lang='lat' dir='ltr'><strong>Ille</strong></span> <span class='ocrx_word' id='word_1_134' title='bbox 1243 2596 1340 2649; x_wconf 80' lang='lat' dir='ltr'><strong>ego</strong></span> <span class='ocrx_word' id='word_1_135' title='bbox 1357 2584 1533 2649; x_wconf 89' lang='lat' dir='ltr'><strong>nequi-</strong></span> 
     </span>
     <span class='ocr_line' id='line_1_30' title="bbox 471 2658 1098 2726; baseline -0.005 -12"><span class='ocrx_word' id='word_1_136' title='bbox 471 2666 566 2714; x_wconf 76' lang='lat' dir='ltr'><strong>tiae</strong></span> <span class='ocrx_word' id='word_1_137' title='bbox 587 2664 734 2714; x_wconf 80' lang='lat' dir='ltr'><strong>Naso</strong></span> <span class='ocrx_word' id='word_1_138' title='bbox 758 2661 913 2726; x_wconf 64' lang='lat' dir='ltr'><strong>pofeta</strong></span> <span class='ocrx_word' id='word_1_139' title='bbox 931 2658 1098 2711; x_wconf 59' lang='lat' dir='ltr'><strong>meae?</strong></span> 
     </span>
    </p>

    <p class='ocr_par' dir='ltr' id='par_1_8' title="bbox 467 2734 1534 2954">
     <span class='ocr_line' id='line_1_31' title="bbox 517 2734 1534 2803; baseline -0.007 -13"><span class='ocrx_word' id='word_1_140' title='bbox 517 2740 748 2803; x_wconf 61' lang='lat' dir='ltr'><strong>*Praeti-s]</strong></span> <span class='ocrx_word' id='word_1_141' title='bbox 797 2740 1048 2786; x_wconf 81' lang='lat' dir='ltr'><strong>Extreme</strong></span> <span class='ocrx_word' id='word_1_142' title='bbox 1089 2735 1367 2785; x_wconf 73' lang='lat' dir='ltr'><strong>enervatis.</strong></span> <span class='ocrx_word' id='word_1_143' title='bbox 1432 2734 1534 2783; x_wconf 90' lang='lat' dir='ltr'><strong>Pe-</strong></span> 
     </span>
     <span class='ocr_line' id='line_1_32' title="bbox 469 2810 1534 2865; baseline -0.006 0"><span class='ocrx_word' id='word_1_144' title='bbox 469 2816 670 2865; x_wconf 81' lang='lat' dir='ltr'><strong>tronius</strong></span> <span class='ocrx_word' id='word_1_145' title='bbox 712 2813 858 2863; x_wconf 87' lang='lat' dir='ltr'><strong>Bello</strong></span> <span class='ocrx_word' id='word_1_146' title='bbox 893 2810 1072 2860; x_wconf 81' lang='lat' dir='ltr'><strong>Civili:</strong></span> <span class='ocrx_word' id='word_1_147' title='bbox 1129 2810 1144 2836; x_wconf 90' lang='lat'>‘</span> <span class='ocrx_word' id='word_1_148' title='bbox 1167 2810 1232 2861; x_wconf 89' lang='lat' dir='ltr'><strong>In</strong></span> <span class='ocrx_word' id='word_1_149' title='bbox 1273 2812 1534 2860; x_wconf 84' lang='lat' dir='ltr'><strong>Venerem</strong></span> 
     </span>
     <span class='ocr_line' id='line_1_33' title="bbox 467 2886 1134 2954; baseline -0.009 -13"><span class='ocrx_word' id='word_1_150' title='bbox 467 2890 677 2954; x_wconf 79' lang='lat' dir='ltr'><strong>fregere</strong></span> <span class='ocrx_word' id='word_1_151' title='bbox 699 2886 875 2938; x_wconf 65' lang='lat' dir='ltr'><strong>viros!</strong></span> <span class='ocrx_word' id='word_1_152' title='bbox 908 2886 1088 2937; x_wconf 68' lang='lat' dir='ltr'><strong>Barth.</strong></span> <span class='ocrx_word' id='word_1_153' title='bbox 1129 2924 1134 2927; x_wconf 88' lang='lat'><strong>.</strong></span> 
     </span>
    </p>

    <p class='ocr_par' dir='ltr' id='par_1_9' title="bbox 466 2962 1538 4173">
     <span class='ocr_line' id='line_1_34' title="bbox 543 2962 1538 3029; baseline -0.003 -11"><span class='ocrx_word' id='word_1_154' title='bbox 543 2971 688 3019; x_wconf 73' lang='lat' dir='ltr'><strong>Ultra</strong></span> <span class='ocrx_word' id='word_1_155' title='bbox 707 2965 968 3029; x_wconf 64' lang='lat' dir='ltr'><strong>nequitiam</strong></span> <span class='ocrx_word' id='word_1_156' title='bbox 991 2962 1204 3027; x_wconf 76' lang='lat' dir='ltr'><strong>fractis}</strong></span> <span class='ocrx_word' id='word_1_157' title='bbox 1243 2964 1399 3015; x_wconf 76' lang='lat' dir='ltr'><strong>Fictis</strong></span> <span class='ocrx_word' id='word_1_158' title='bbox 1433 2966 1538 3029; x_wconf 86' lang='lat' dir='ltr'><strong>pri·</strong></span> 
     </span>
     <span class='ocr_line' id='line_1_35' title="bbox 469 3042 1532 3106; baseline -0.003 -12"><span class='ocrx_word' id='word_1_159' title='bbox 469 3056 556 3095; x_wconf 84' lang='lat' dir='ltr'><strong>ma</strong></span> <span class='ocrx_word' id='word_1_160' title='bbox 584 3043 668 3093; x_wconf 91' lang='lat' dir='ltr'><strong>ed.</strong></span> <span class='ocrx_word' id='word_1_161' title='bbox 707 3042 924 3106; x_wconf 84' lang='lat' dir='ltr'><strong>Gyrald.</strong></span> <span class='ocrx_word' id='word_1_162' title='bbox 965 3047 1020 3091; x_wconf 87' lang='lat' dir='ltr'><strong>et</strong></span> <span class='ocrx_word' id='word_1_163' title='bbox 1044 3055 1173 3091; x_wconf 89' lang='lat' dir='ltr'><strong>unus</strong></span> <span class='ocrx_word' id='word_1_164' title='bbox 1207 3055 1274 3091; x_wconf 85' lang='lat' dir='ltr'><strong>ex</strong></span> <span class='ocrx_word' id='word_1_165' title='bbox 1311 3042 1532 3091; x_wconf 82' lang='lat' dir='ltr'><strong>nostris:</strong></span> 
     </span>
     <span class='ocr_line' id='line_1_36' title="bbox 468 3116 1536 3186; baseline -0.004 -15"><span class='ocrx_word' id='word_1_166' title='bbox 468 3122 624 3171; x_wconf 89' lang='lat' dir='ltr'><strong>male.</strong></span> <span class='ocrx_word' id='word_1_167' title='bbox 659 3119 735 3170; x_wconf 89' lang='lat' dir='ltr'><strong>sic</strong></span> <span class='ocrx_word' id='word_1_168' title='bbox 763 3118 907 3186; x_wconf 77' lang='lat' dir='ltr'><strong>apud</strong></span> <span class='ocrx_word' id='word_1_169' title='bbox 917 3118 1158 3170; x_wconf 79' lang='lat' dir='ltr'><strong>Juvenal.</strong></span> <span class='ocrx_word' id='word_1_170' title='bbox 1178 3118 1194 3145; x_wconf 91' lang='lat'>‘</span> <span class='ocrx_word' id='word_1_171' title='bbox 1213 3116 1384 3167; x_wconf 88' lang='lat' dir='ltr'><strong>fracta</strong></span> <span class='ocrx_word' id='word_1_172' title='bbox 1403 3132 1536 3168; x_wconf 78' lang='lat' dir='ltr'><strong>voce</strong></span> 
     </span>
     <span class='ocr_line' id='line_1_37' title="bbox 467 3192 1538 3262; baseline -0.002 -16"><span class='ocrx_word' id='word_1_173' title='bbox 467 3195 718 3262; x_wconf 86' lang='lat' dir='ltr'><strong>loquendi</strong></span> <span class='ocrx_word' id='word_1_174' title='bbox 736 3192 1013 3245; x_wconf 62' lang='lat' dir='ltr'><strong>Libertas?</strong></span> <span class='ocrx_word' id='word_1_175' title='bbox 1047 3193 1352 3246; x_wconf 78' lang='lat' dir='ltr'><strong>Quintilian.</strong></span> <span class='ocrx_word' id='word_1_176' title='bbox 1375 3194 1391 3222; x_wconf 88' lang='lat'>‘</span> <span class='ocrx_word' id='word_1_177' title='bbox 1413 3194 1538 3245; x_wconf 87' lang='lat' dir='ltr'><strong>Non</strong></span> 
     </span>
     <span class='ocr_line' id='line_1_38' title="bbox 467 3270 1534 3339; baseline -0.004 -14"><span class='ocrx_word' id='word_1_178' title='bbox 467 3276 606 3327; x_wconf 87' lang='lat' dir='ltr'><strong>enim</strong></span> <span class='ocrx_word' id='word_1_179' title='bbox 629 3287 845 3339; x_wconf 85' lang='lat' dir='ltr'><strong>puerum</strong></span> <span class='ocrx_word' id='word_1_180' title='bbox 865 3271 1103 3321; x_wconf 79' lang='lat' dir='ltr'><strong>foeminea</strong></span> <span class='ocrx_word' id='word_1_181' title='bbox 1131 3271 1273 3321; x_wconf 83' lang='lat' dir='ltr'><strong>vocis</strong></span> <span class='ocrx_word' id='word_1_182' title='bbox 1295 3270 1534 3321; x_wconf 77' lang='lat' dir='ltr'><strong>exilitate</strong></span> 
     </span>
     <span class='ocr_line' id='line_1_39' title="bbox 468 3346 1534 3412; baseline -0.004 -13"><span class='ocrx_word' id='word_1_183' title='bbox 468 3348 644 3412; x_wconf 79' lang='lat' dir='ltr'><strong>frangi</strong></span> <span class='ocrx_word' id='word_1_184' title='bbox 669 3346 818 3397; x_wconf 64' lang='lat' dir='ltr'><strong>volo!</strong></span> <span class='ocrx_word' id='word_1_185' title='bbox 867 3346 1139 3409; x_wconf 82' lang='lat' dir='ltr'><strong>Apuleius,</strong></span> <span class='ocrx_word' id='word_1_186' title='bbox 1160 3347 1294 3396; x_wconf 86' lang='lat' dir='ltr'><strong>Met.</strong></span> <span class='ocrx_word' id='word_1_187' title='bbox 1320 3359 1442 3397; x_wconf 79' lang='lat' dir='ltr'><strong>vm.</strong></span> <span class='ocrx_word' id='word_1_188' title='bbox 1465 3347 1534 3396; x_wconf 86' lang='lat' dir='ltr'><strong>de</strong></span> 
     </span>
     <span class='ocr_line' id='line_1_40' title="bbox 469 3421 1532 3486; baseline -0.004 -12"><span class='ocrx_word' id='word_1_189' title='bbox 469 3423 728 3475; x_wconf 67' lang='lat' dir='ltr'><strong>cinaedis:</strong></span> <span class='ocrx_word' id='word_1_190' title='bbox 763 3425 778 3451; x_wconf 89' lang='lat'>‘</span> <span class='ocrx_word' id='word_1_191' title='bbox 803 3422 892 3486; x_wconf 91' lang='lat' dir='ltr'><strong>qui</strong></span> <span class='ocrx_word' id='word_1_192' title='bbox 921 3421 1100 3470; x_wconf 81' lang='lat' dir='ltr'><strong>statim</strong></span> <span class='ocrx_word' id='word_1_193' title='bbox 1133 3422 1456 3471; x_wconf 75' lang='lat' dir='ltr'><strong>exsultantes</strong></span> <span class='ocrx_word' id='word_1_194' title='bbox 1475 3422 1532 3470; x_wconf 87' lang='lat' dir='ltr'><strong>in</strong></span> 
     </span>
     <span class='ocr_line' id='line_1_41' title="bbox 467 3495 1533 3566; baseline -0.004 -15"><span class='ocrx_word' id='word_1_195' title='bbox 467 3501 732 3566; x_wconf 81' lang='lat' dir='ltr'><strong>gaudium,</strong></span> <span class='ocrx_word' id='word_1_196' title='bbox 766 3498 956 3557; x_wconf 81' lang='lat' dir='ltr'><strong>fracta,</strong></span> <span class='ocrx_word' id='word_1_197' title='bbox 979 3511 1150 3559; x_wconf 84' lang='lat' dir='ltr'><strong>rauca,</strong></span> <span class='ocrx_word' id='word_1_198' title='bbox 1179 3502 1236 3546; x_wconf 88' lang='lat' dir='ltr'><strong>et</strong></span> <span class='ocrx_word' id='word_1_199' title='bbox 1256 3495 1533 3547; x_wconf 82' lang='lat' dir='ltr'><strong>effoemina-</strong></span> 
     </span>
     <span class='ocr_line' id='line_1_42' title="bbox 469 3572 1530 3627; baseline -0.003 0"><span class='ocrx_word' id='word_1_200' title='bbox 469 3584 528 3627; x_wconf 79' lang='lat' dir='ltr'><strong>ta</strong></span> <span class='ocrx_word' id='word_1_201' title='bbox 559 3590 688 3626; x_wconf 79' lang='lat' dir='ltr'><strong>voce</strong></span> <span class='ocrx_word' id='word_1_202' title='bbox 719 3576 969 3624; x_wconf 82' lang='lat' dir='ltr'><strong>clamores</strong></span> <span class='ocrx_word' id='word_1_203' title='bbox 1001 3575 1220 3623; x_wconf 85' lang='lat' dir='ltr'><strong>absonos</strong></span> <span class='ocrx_word' id='word_1_204' title='bbox 1251 3572 1530 3624; x_wconf 64' lang='lat' dir='ltr'><strong>intollunt!</strong></span> 
     </span>
     <span class='ocr_line' id='line_1_43' title="bbox 467 3646 1529 3703; baseline -0.005 0"><span class='ocrx_word' id='word_1_205' title='bbox 467 3651 734 3703; x_wconf 81' lang='lat' dir='ltr'><strong>Minucius</strong></span> <span class='ocrx_word' id='word_1_206' title='bbox 755 3650 1012 3699; x_wconf 77' lang='lat' dir='ltr'><strong>Octavio:</strong></span> <span class='ocrx_word' id='word_1_207' title='bbox 1049 3650 1064 3677; x_wconf 96' lang='grc'><strong><em>6</em></strong></span> <span class='ocrx_word' id='word_1_208' title='bbox 1092 3646 1278 3698; x_wconf 82' lang='lat' dir='ltr'><strong>Adhuc</strong></span> <span class='ocrx_word' id='word_1_209' title='bbox 1293 3648 1438 3698; x_wconf 87' lang='lat' dir='ltr'><strong>annis</strong></span> <span class='ocrx_word' id='word_1_210' title='bbox 1453 3649 1529 3698; x_wconf 88' lang='lat' dir='ltr'><strong>in-</strong></span> 
     </span>
     <span class='ocr_line' id='line_1_44' title="bbox 467 3724 1528 3779; baseline -0.004 0"><span class='ocrx_word' id='word_1_211' title='bbox 467 3728 774 3779; x_wconf 75' lang='lat' dir='ltr'><strong>nocentibus</strong></span> <span class='ocrx_word' id='word_1_212' title='bbox 809 3733 866 3776; x_wconf 90' lang='lat' dir='ltr'><strong>et</strong></span> <span class='ocrx_word' id='word_1_213' title='bbox 884 3725 1052 3775; x_wconf 82' lang='lat' dir='ltr'><strong>adhuc</strong></span> <span class='ocrx_word' id='word_1_214' title='bbox 1069 3724 1338 3775; x_wconf 87' lang='lat' dir='ltr'><strong>dimidiata</strong></span> <span class='ocrx_word' id='word_1_215' title='bbox 1367 3726 1528 3775; x_wconf 83' lang='lat' dir='ltr'><strong>verba</strong></span> 
     </span>
     <span class='ocr_line' id='line_1_45' title="bbox 466 3799 1528 3865; baseline -0.003 -11"><span class='ocrx_word' id='word_1_216' title='bbox 466 3802 810 3862; x_wconf 84' lang='lat' dir='ltr'><strong>tentantibus,</strong></span> <span class='ocrx_word' id='word_1_217' title='bbox 841 3802 1096 3865; x_wconf 85' lang='lat' dir='ltr'><strong>loquelam</strong></span> <span class='ocrx_word' id='word_1_218' title='bbox 1131 3801 1244 3863; x_wconf 89' lang='lat' dir='ltr'><strong>ipso</strong></span> <span class='ocrx_word' id='word_1_219' title='bbox 1277 3799 1528 3851; x_wconf 85' lang='lat' dir='ltr'><strong>offensan-</strong></span> 
     </span>
     <span class='ocr_line' id='line_1_46' title="bbox 467 3865 1530 3941; baseline -0.01 -11"><span class='ocrx_word' id='word_1_220' title='bbox 467 3880 538 3930; x_wconf 83' lang='lat' dir='ltr'><strong>tis</strong></span> <span class='ocrx_word' id='word_1_221' title='bbox 559 3878 750 3941; x_wconf 80' lang='lat' dir='ltr'><strong>lingnae</strong></span> <span class='ocrx_word' id='word_1_222' title='bbox 770 3876 1024 3940; x_wconf 83' lang='lat' dir='ltr'><strong>fragmine</strong></span> <span class='ocrx_word' id='word_1_223' title='bbox 1049 3865 1362 3927; x_wconf 60' lang='lat' dir='ltr'><strong>dulciorem?</strong></span> <span class='ocrx_word' id='word_1_224' title='bbox 1413 3878 1530 3928; x_wconf 87' lang='lat' dir='ltr'><strong>Sta.</strong></span> 
     </span>
     <span class='ocr_line' id='line_1_47' title="bbox 467 3953 1530 4018; baseline -0.001 -13"><span class='ocrx_word' id='word_1_225' title='bbox 467 3955 572 4005; x_wconf 86' lang='lat' dir='ltr'><strong>tius</strong></span> <span class='ocrx_word' id='word_1_226' title='bbox 590 3968 791 4018; x_wconf 89' lang='lat' dir='ltr'><strong>quoque</strong></span> <span class='ocrx_word' id='word_1_227' title='bbox 808 3953 1060 4015; x_wconf 81' lang='lat' dir='ltr'><strong>Epicadio</strong></span> <span class='ocrx_word' id='word_1_228' title='bbox 1079 3953 1312 4003; x_wconf 73' lang='lat' dir='ltr'><strong>Glauciae</strong></span> <span class='ocrx_word' id='word_1_229' title='bbox 1336 3954 1351 3981; x_wconf 90' lang='lat'>‘</span> <span class='ocrx_word' id='word_1_230' title='bbox 1373 3954 1530 4004; x_wconf 80' lang='lat' dir='ltr'><strong>verba</strong></span> 
     </span>
     <span class='ocr_line' id='line_1_48' title="bbox 468 4028 1526 4095; baseline 0 -14"><span class='ocrx_word' id='word_1_231' title='bbox 468 4030 772 4095; x_wconf 81' lang='lat' dir='ltr'><strong>refringere&#39;</strong></span> <span class='ocrx_word' id='word_1_232' title='bbox 795 4029 861 4078; x_wconf 88' lang='lat' dir='ltr'><strong>de</strong></span> <span class='ocrx_word' id='word_1_233' title='bbox 883 4028 1070 4080; x_wconf 84' lang='lat' dir='ltr'><strong>infanti</strong></span> <span class='ocrx_word' id='word_1_234' title='bbox 1095 4030 1245 4081; x_wconf 83' lang='lat' dir='ltr'><strong>dixit.</strong></span> <span class='ocrx_word' id='word_1_235' title='bbox 1299 4031 1315 4059; x_wconf 96' lang='grc'><strong><em>6</em></strong></span> <span class='ocrx_word' id='word_1_236' title='bbox 1339 4032 1526 4081; x_wconf 88' lang='lat' dir='ltr'><strong>Molles</strong></span> 
     </span>
     <span class='ocr_line' id='line_1_49' title="bbox 468 4104 1528 4173; baseline 0.002 -16"><span class='ocrx_word' id='word_1_237' title='bbox 468 4114 526 4158; x_wconf 84' lang='lat' dir='ltr'><strong>et</strong></span> <span class='ocrx_word' id='word_1_238' title='bbox 537 4106 750 4157; x_wconf 82' lang='lat' dir='ltr'><strong>infracti</strong></span> <span class='ocrx_word' id='word_1_239' title='bbox 763 4104 964 4155; x_wconf 84' lang='lat' dir='ltr'><strong>cantus&#39;</strong></span> <span class='ocrx_word' id='word_1_240' title='bbox 979 4105 1120 4169; x_wconf 86' lang='lat' dir='ltr'><strong>apud</strong></span> <span class='ocrx_word' id='word_1_241' title='bbox 1127 4106 1313 4157; x_wconf 82' lang='lat' dir='ltr'><strong>Senec.</strong></span> <span class='ocrx_word' id='word_1_242' title='bbox 1333 4109 1433 4173; x_wconf 85' lang='lat' dir='ltr'><strong>Ep.</strong></span> <span class='ocrx_word' id='word_1_243' title='bbox 1447 4113 1528 4159; x_wconf 80' lang='lat'><strong>9⁰.</strong></span> 
     </span>
    </p>
   </div>
   <div class='ocr_carea' id='block_1_3' title="bbox 468 4183 1530 4251">
    <p class='ocr_par' dir='ltr' id='par_1_10' title="bbox 468 4183 1530 4251">
     <span class='ocr_line' id='line_1_50' title="bbox 468 4183 1530 4251; baseline 0.002 -16"><span class='ocrx_word' id='word_1_244' title='bbox 468 4184 734 4238; x_wconf 79' lang='lat' dir='ltr'><strong>Ennodius</strong></span> <span class='ocrx_word' id='word_1_245' title='bbox 754 4183 1179 4250; x_wconf 60' lang='lat' dir='ltr'><strong>epigrammatis:</strong></span> <span class='ocrx_word' id='word_1_246' title='bbox 1223 4186 1240 4213; x_wconf 91' lang='lat'>‘</span> <span class='ocrx_word' id='word_1_247' title='bbox 1259 4184 1530 4251; x_wconf 76' lang='lat' dir='ltr'><strong>Improbe,</strong></span> 
     </span>
    </p>
   </div>
   <div class='ocr_carea' id='block_1_4' title="bbox 797 346 2367 437">
    <p class='ocr_par' dir='ltr' id='par_1_11' title="bbox 797 346 2367 437">
     <span class='ocr_line' id='line_1_51' title="bbox 797 346 2367 437; baseline 0.001 -4"><span class='ocrx_word' id='word_1_248' title='bbox 797 382 1016 433; x_wconf 63' lang='lat' dir='ltr'><strong>norm</strong></span> <span class='ocrx_word' id='word_1_249' title='bbox 1061 380 1601 433; x_wconf 68' lang='lat' dir='ltr'><strong>ultionum-ru</strong></span> <span class='ocrx_word' id='word_1_250' title='bbox 1650 384 1767 435; x_wconf 78' lang='lat' dir='ltr'><strong>on.</strong></span> <span class='ocrx_word' id='word_1_251' title='bbox 1812 346 2094 437; x_wconf 60' lang='lat' dir='ltr'><strong>omum.</strong></span> <span class='ocrx_word' id='word_1_252' title='bbox 2142 380 2367 435; x_wconf 83' lang='lat' dir='ltr'><strong>xvm.</strong></span> 
     </span>
    </p>
   </div>
   <div class='ocr_carea' id='block_1_5' title="bbox 1606 524 2703 2576">
    <p class='ocr_par' dir='ltr' id='par_1_12' title="bbox 1606 524 2703 2576">
     <span class='ocr_line' id='line_1_52' title="bbox 1620 524 2697 594; baseline 0.005 -17"><span class='ocrx_word' id='word_1_253' title='bbox 1620 525 1743 590; x_wconf 84' lang='lat' dir='ltr'><strong>qui-d</strong></span> <span class='ocrx_word' id='word_1_254' title='bbox 1758 524 1949 579; x_wconf 78' lang='lat' dir='ltr'><strong>fractis</strong></span> <span class='ocrx_word' id='word_1_255' title='bbox 1960 526 2237 581; x_wconf 78' lang='lat' dir='ltr'><strong>confundis</strong></span> <span class='ocrx_word' id='word_1_256' title='bbox 2250 528 2455 594; x_wconf 71' lang='lat' dir='ltr'><strong>singula</strong></span> <span class='ocrx_word' id='word_1_257' title='bbox 2466 529 2637 581; x_wconf 69' lang='lat' dir='ltr'><strong>verbis</strong></span> <span class='ocrx_word' id='word_1_258' title='bbox 2646 532 2697 581; x_wconf 60' lang='grc' dir='ltr'><strong>θ’*</strong></span> 
     </span>
     <span class='ocr_line' id='line_1_53' title="bbox 1618 601 2683 669; baseline 0.009 -20"><span class='ocrx_word' id='word_1_259' title='bbox 1618 601 1685 651; x_wconf 85' lang='grc'><strong>1).</strong></span> <span class='ocrx_word' id='word_1_260' title='bbox 1711 602 2057 667; x_wconf 83' lang='lat' dir='ltr'><strong>Hieronymus</strong></span> <span class='ocrx_word' id='word_1_261' title='bbox 2082 604 2133 654; x_wconf 90' lang='lat' dir='ltr'><strong>in</strong></span> <span class='ocrx_word' id='word_1_262' title='bbox 2155 605 2436 669; x_wconf 83' lang='lat' dir='ltr'><strong>Epitaphio</strong></span> <span class='ocrx_word' id='word_1_263' title='bbox 2470 606 2683 663; x_wconf 66' lang='lat' dir='ltr'><strong>Panlaez</strong></span> 
     </span>
     <span class='ocr_line' id='line_1_54' title="bbox 1614 676 2685 751; baseline 0.006 -24"><span class='ocrx_word' id='word_1_264' title='bbox 1614 676 1632 703; x_wconf 90' lang='grc'><strong><em>6</em></strong></span> <span class='ocrx_word' id='word_1_265' title='bbox 1654 677 1873 751; x_wconf 67' lang='lat' dir='ltr'><strong>Paulam</strong></span> <span class='ocrx_word' id='word_1_266' title='bbox 1908 679 2146 731; x_wconf 82' lang='lat' dir='ltr'><strong>audierat</strong></span> <span class='ocrx_word' id='word_1_267' title='bbox 2184 682 2237 733; x_wconf 86' lang='lat' dir='ltr'><strong>in</strong></span> <span class='ocrx_word' id='word_1_268' title='bbox 2271 682 2419 733; x_wconf 55' lang='lat' dir='ltr'><strong>&gt;cunis</strong></span> <span class='ocrx_word' id='word_1_269' title='bbox 2440 690 2497 734; x_wconf 84' lang='lat' dir='ltr'><strong>et</strong></span> <span class='ocrx_word' id='word_1_270' title='bbox 2514 684 2685 747; x_wconf 67' lang='lat' dir='ltr'><strong>empi-</strong></span> 
     </span>
     <span class='ocr_line' id='line_1_55' title="bbox 1616 756 2691 824; baseline 0.008 -20"><span class='ocrx_word' id='word_1_271' title='bbox 1616 756 1804 805; x_wconf 85' lang='lat' dir='ltr'><strong>taculis</strong></span> <span class='ocrx_word' id='word_1_272' title='bbox 1857 757 2183 809; x_wconf 81' lang='lat' dir='ltr'><strong>balbutiente</strong></span> <span class='ocrx_word' id='word_1_273' title='bbox 2246 759 2425 824; x_wconf 78' lang='lat' dir='ltr'><strong>lingua</strong></span> <span class='ocrx_word' id='word_1_274' title='bbox 2480 761 2691 813; x_wconf 69' lang='lat' dir='ltr'><strong>alleluia</strong></span> 
     </span>
     <span class='ocr_line' id='line_1_56' title="bbox 1616 834 2691 898; baseline 0.007 -17"><span class='ocrx_word' id='word_1_275' title='bbox 1616 839 1845 897; x_wconf 85' lang='lat' dir='ltr'><strong>cantare,</strong></span> <span class='ocrx_word' id='word_1_276' title='bbox 1882 834 2117 898; x_wconf 80' lang='lat' dir='ltr'><strong>aviaeque</strong></span> <span class='ocrx_word' id='word_1_277' title='bbox 2160 842 2218 886; x_wconf 83' lang='lat' dir='ltr'><strong>et</strong></span> <span class='ocrx_word' id='word_1_278' title='bbox 2260 836 2437 887; x_wconf 70' lang='lat' dir='ltr'><strong>amitte</strong></span> <span class='ocrx_word' id='word_1_279' title='bbox 2476 837 2691 889; x_wconf 65' lang='lat' dir='ltr'><strong>nemim</strong></span> 
     </span>
     <span class='ocr_line' id='line_1_57' title="bbox 1614 910 2691 977; baseline 0.004 -18"><span class='ocrx_word' id='word_1_280' title='bbox 1614 910 1897 961; x_wconf 81' lang='lat' dir='ltr'><strong>dimidiatis</strong></span> <span class='ocrx_word' id='word_1_281' title='bbox 1914 913 2083 961; x_wconf 74' lang='lat' dir='ltr'><strong>verbis</strong></span> <span class='ocrx_word' id='word_1_282' title='bbox 2098 910 2375 977; x_wconf 59' lang='lat' dir='ltr'><strong>frangere?</strong></span> <span class='ocrx_word' id='word_1_283' title='bbox 2399 912 2691 976; x_wconf 58' lang='lat' dir='ltr'><strong>Arnobiuu</strong></span> 
     </span>
     <span class='ocr_line' id='line_1_58' title="bbox 1614 986 2689 1051; baseline 0.004 -15"><span class='ocrx_word' id='word_1_284' title='bbox 1614 986 1651 1037; x_wconf 93' lang='lat' dir='ltr'><strong>l.</strong></span> <span class='ocrx_word' id='word_1_285' title='bbox 1672 1000 1749 1038; x_wconf 75' lang='lat' dir='ltr'><strong>nr.</strong></span> <span class='ocrx_word' id='word_1_286' title='bbox 1780 988 1795 1014; x_wconf 92' lang='lat'>‘</span> <span class='ocrx_word' id='word_1_287' title='bbox 1820 988 2151 1051; x_wconf 82' lang='lat' dir='ltr'><strong>crepitaculis</strong></span> <span class='ocrx_word' id='word_1_288' title='bbox 2173 989 2395 1039; x_wconf 83' lang='lat' dir='ltr'><strong>obticuit</strong></span> <span class='ocrx_word' id='word_1_289' title='bbox 2418 989 2607 1040; x_wconf 86' lang='lat' dir='ltr'><strong>auditis</strong></span> <span class='ocrx_word' id='word_1_290' title='bbox 2624 990 2689 1040; x_wconf 77' lang='lat' dir='ltr'><strong>in·</strong></span> 
     </span>
     <span class='ocr_line' id='line_1_59' title="bbox 1614 1063 2703 1127; baseline 0.004 -16"><span class='ocrx_word' id='word_1_291' title='bbox 1614 1063 1761 1113; x_wconf 89' lang='lat' dir='ltr'><strong>cunis</strong></span> <span class='ocrx_word' id='word_1_292' title='bbox 1776 1063 1981 1127; x_wconf 70' lang='lat' dir='ltr'><strong>Jacens,</strong></span> <span class='ocrx_word' id='word_1_293' title='bbox 2015 1070 2070 1113; x_wconf 87' lang='lat' dir='ltr'><strong>et</strong></span> <span class='ocrx_word' id='word_1_294' title='bbox 2090 1064 2304 1115; x_wconf 81' lang='lat' dir='ltr'><strong>vocibus</strong></span> <span class='ocrx_word' id='word_1_295' title='bbox 2326 1064 2571 1115; x_wconf 84' lang='lat' dir='ltr'><strong>delinitus</strong></span> <span class='ocrx_word' id='word_1_296' title='bbox 2594 1070 2703 1115; x_wconf 71' lang='lat' dir='ltr'><strong>est*</strong></span> 
     </span>
     <span class='ocr_line' id='line_1_60' title="bbox 1614 1137 2685 1201; baseline 0.003 -13"><span class='ocrx_word' id='word_1_297' title='bbox 1614 1137 1883 1189; x_wconf 58' lang='lat' dir='ltr'><strong>infractis)</strong></span> <span class='ocrx_word' id='word_1_298' title='bbox 1946 1140 2241 1201; x_wconf 82' lang='lat' dir='ltr'><strong>Lucretius,</strong></span> <span class='ocrx_word' id='word_1_299' title='bbox 2280 1140 2373 1191; x_wconf 90' lang='lat' dir='ltr'><strong>lib.</strong></span> <span class='ocrx_word' id='word_1_300' title='bbox 2411 1155 2465 1193; x_wconf 73' lang='lat' dir='ltr'><strong>v,</strong></span> <span class='ocrx_word' id='word_1_301' title='bbox 2514 1142 2529 1169; x_wconf 91' lang='lat'>‘</span> <span class='ocrx_word' id='word_1_302' title='bbox 2564 1141 2685 1194; x_wconf 75' lang='lat' dir='ltr'><strong>Neo</strong></span> 
     </span>
     <span class='ocr_line' id='line_1_61' title="bbox 1614 1216 2683 1281; baseline 0 -16"><span class='ocrx_word' id='word_1_303' title='bbox 1614 1216 1941 1279; x_wconf 83' lang='lat' dir='ltr'><strong>crepitacula</strong></span> <span class='ocrx_word' id='word_1_304' title='bbox 1972 1217 2049 1267; x_wconf 83' lang='lat' dir='ltr'><strong>eis</strong></span> <span class='ocrx_word' id='word_1_305' title='bbox 2086 1232 2217 1281; x_wconf 84' lang='lat' dir='ltr'><strong>opus</strong></span> <span class='ocrx_word' id='word_1_306' title='bbox 2252 1224 2391 1281; x_wconf 77' lang='lat' dir='ltr'><strong>sunt,</strong></span> <span class='ocrx_word' id='word_1_307' title='bbox 2424 1231 2527 1270; x_wconf 82' lang='lat' dir='ltr'><strong>nec</strong></span> <span class='ocrx_word' id='word_1_308' title='bbox 2572 1217 2683 1267; x_wconf 63' lang='lat' dir='ltr'><strong>cuia·</strong></span> 
     </span>
     <span class='ocr_line' id='line_1_62' title="bbox 1612 1292 2689 1355; baseline 0.003 -12"><span class='ocrx_word' id='word_1_309' title='bbox 1612 1305 1767 1355; x_wconf 78' lang='lat' dir='ltr'><strong>quam</strong></span> <span class='ocrx_word' id='word_1_310' title='bbox 1802 1292 2095 1343; x_wconf 82' lang='lat' dir='ltr'><strong>adhibenda</strong></span> <span class='ocrx_word' id='word_1_311' title='bbox 2134 1298 2217 1343; x_wconf 88' lang='lat' dir='ltr'><strong>est</strong></span> <span class='ocrx_word' id='word_1_312' title='bbox 2257 1292 2423 1345; x_wconf 75' lang='lat' dir='ltr'><strong>Almus</strong></span> <span class='ocrx_word' id='word_1_313' title='bbox 2462 1294 2689 1345; x_wconf 74' lang='lat' dir='ltr'><strong>nutricio</strong></span> 
     </span>
     <span class='ocr_line' id='line_1_63' title="bbox 1612 1365 2685 1433; baseline -0.001 -17"><span class='ocrx_word' id='word_1_314' title='bbox 1612 1365 1805 1416; x_wconf 85' lang='lat' dir='ltr'><strong>blanda</strong></span> <span class='ocrx_word' id='word_1_315' title='bbox 1822 1372 1979 1431; x_wconf 83' lang='lat' dir='ltr'><strong>atque</strong></span> <span class='ocrx_word' id='word_1_316' title='bbox 2000 1366 2225 1419; x_wconf 81' lang='lat' dir='ltr'><strong>infracta</strong></span> <span class='ocrx_word' id='word_1_317' title='bbox 2248 1368 2489 1433; x_wconf 63' lang='lat' dir='ltr'><strong>loquela?</strong></span> <span class='ocrx_word' id='word_1_318' title='bbox 2538 1370 2685 1421; x_wconf 84' lang='lat' dir='ltr'><strong>Mar.</strong></span> 
     </span>
     <span class='ocr_line' id='line_1_64' title="bbox 1610 1443 2686 1507; baseline 0.004 -16"><span class='ocrx_word' id='word_1_319' title='bbox 1610 1443 1787 1492; x_wconf 88' lang='lat' dir='ltr'><strong>cianus</strong></span> <span class='ocrx_word' id='word_1_320' title='bbox 1819 1444 2060 1507; x_wconf 52' lang='lat' dir='ltr'><strong>›Capella,</strong></span> <span class='ocrx_word' id='word_1_321' title='bbox 2096 1447 2129 1495; x_wconf 91' lang='lat' dir='ltr'><strong>l.</strong></span> <span class='ocrx_word' id='word_1_322' title='bbox 2150 1459 2233 1495; x_wconf 76' lang='lat' dir='ltr'><strong>lx.</strong></span> <span class='ocrx_word' id='word_1_323' title='bbox 2264 1446 2279 1473; x_wconf 92' lang='lat'>‘</span> <span class='ocrx_word' id='word_1_324' title='bbox 2302 1445 2447 1495; x_wconf 84' lang='lat' dir='ltr'><strong>Mars</strong></span> <span class='ocrx_word' id='word_1_325' title='bbox 2480 1446 2686 1497; x_wconf 71' lang='lat' dir='ltr'><strong>eminus</strong></span> 
     </span>
     <span class='ocr_line' id='line_1_65' title="bbox 1611 1521 2685 1585; baseline 0.002 -14"><span class='ocrx_word' id='word_1_326' title='bbox 1611 1521 1961 1585; x_wconf 81' lang='lat' dir='ltr'><strong>conspicatus,</strong></span> <span class='ocrx_word' id='word_1_327' title='bbox 1973 1529 2169 1573; x_wconf 61' lang='lat' dir='ltr'><strong>tenera</strong></span> <span class='ocrx_word' id='word_1_328' title='bbox 2190 1536 2307 1571; x_wconf 87' lang='lat' dir='ltr'><strong>cum</strong></span> <span class='ocrx_word' id='word_1_329' title='bbox 2320 1522 2685 1573; x_wconf 74' lang='lat' dir='ltr'><strong>admirationis</strong></span> 
     </span>
     <span class='ocr_line' id='line_1_66' title="bbox 1610 1596 2687 1662; baseline 0.001 -17"><span class='ocrx_word' id='word_1_330' title='bbox 1610 1596 1795 1645; x_wconf 87' lang='lat' dir='ltr'><strong>obtutu</strong></span> <span class='ocrx_word' id='word_1_331' title='bbox 1818 1597 2157 1662; x_wconf 83' lang='lat' dir='ltr'><strong>languidiore,</strong></span> <span class='ocrx_word' id='word_1_332' title='bbox 2174 1596 2391 1647; x_wconf 80' lang='lat' dir='ltr'><strong>fractior</strong></span> <span class='ocrx_word' id='word_1_333' title='bbox 2422 1612 2549 1649; x_wconf 82' lang='lat' dir='ltr'><strong>voce</strong></span> <span class='ocrx_word' id='word_1_334' title='bbox 2572 1599 2687 1649; x_wconf 79' lang='lat' dir='ltr'><strong>col·</strong></span> 
     </span>
     <span class='ocr_line' id='line_1_67' title="bbox 1609 1671 2679 1743; baseline 0.005 -24"><span class='ocrx_word' id='word_1_335' title='bbox 1609 1671 1822 1723; x_wconf 64' lang='lat' dir='ltr'><strong>laudat!</strong></span> <span class='ocrx_word' id='word_1_336' title='bbox 1878 1672 2039 1725; x_wconf 83' lang='lat' dir='ltr'><strong>Aulus</strong></span> <span class='ocrx_word' id='word_1_337' title='bbox 2064 1673 2287 1735; x_wconf 80' lang='lat' dir='ltr'><strong>Gellius,</strong></span> <span class='ocrx_word' id='word_1_338' title='bbox 2318 1686 2405 1723; x_wconf 77' lang='grc' dir='ltr'><strong><em>ιιι.</em></strong></span> <span class='ocrx_word' id='word_1_339' title='bbox 2440 1679 2487 1723; x_wconf 72' lang='lat' dir='ltr'><strong>o.</strong></span> <span class='ocrx_word' id='word_1_340' title='bbox 2519 1673 2536 1701; x_wconf 99' lang='grc'><strong><em>6</em></strong></span> <span class='ocrx_word' id='word_1_341' title='bbox 2558 1688 2679 1743; x_wconf 82' lang='lat' dir='ltr'><strong>nam</strong></span> 
     </span>
     <span class='ocr_line' id='line_1_68' title="bbox 1610 1748 2684 1813; baseline 0.002 -16"><span class='ocrx_word' id='word_1_342' title='bbox 1610 1762 1727 1797; x_wconf 88' lang='lat' dir='ltr'><strong>cum</strong></span> <span class='ocrx_word' id='word_1_343' title='bbox 1750 1762 1931 1799; x_wconf 73' lang='lat' dir='ltr'><strong>vocem</strong></span> <span class='ocrx_word' id='word_1_344' title='bbox 1966 1749 2075 1813; x_wconf 86' lang='lat' dir='ltr'><strong>ejus</strong></span> <span class='ocrx_word' id='word_1_345' title='bbox 2108 1748 2389 1801; x_wconf 72' lang='lat' dir='ltr'><strong>infractam</strong></span> <span class='ocrx_word' id='word_1_346' title='bbox 2409 1748 2684 1813; x_wconf 54' lang='lat' dir='ltr'><strong>capillum-2</strong></span> 
     </span>
     <span class='ocr_line' id='line_1_69' title="bbox 1610 1826 2683 1891; baseline -0.001 -17"><span class='ocrx_word' id='word_1_347' title='bbox 1610 1840 1713 1889; x_wconf 87' lang='lat' dir='ltr'><strong>que</strong></span> <span class='ocrx_word' id='word_1_348' title='bbox 1736 1833 1849 1877; x_wconf 85' lang='lat' dir='ltr'><strong>arte</strong></span> <span class='ocrx_word' id='word_1_349' title='bbox 1881 1827 2225 1891; x_wconf 85' lang='lat' dir='ltr'><strong>compositum</strong></span> <span class='ocrx_word' id='word_1_350' title='bbox 2258 1833 2315 1877; x_wconf 89' lang='lat' dir='ltr'><strong>et</strong></span> <span class='ocrx_word' id='word_1_351' title='bbox 2349 1826 2523 1877; x_wconf 84' lang='lat' dir='ltr'><strong>oculos</strong></span> <span class='ocrx_word' id='word_1_352' title='bbox 2548 1826 2683 1877; x_wconf 72' lang='lat' dir='ltr'><strong>ludi-</strong></span> 
     </span>
     <span class='ocr_line' id='line_1_70' title="bbox 1609 1900 2681 1955; baseline 0.004 -6"><span class='ocrx_word' id='word_1_353' title='bbox 1609 1900 1810 1953; x_wconf 78' lang='lat' dir='ltr'><strong>hundos</strong></span> <span class='ocrx_word' id='word_1_354' title='bbox 1851 1903 2089 1955; x_wconf 83' lang='lat' dir='ltr'><strong>videret.&#39;</strong></span> <span class='ocrx_word' id='word_1_355' title='bbox 2154 1904 2223 1953; x_wconf 83' lang='lat' dir='ltr'><strong>D.</strong></span> <span class='ocrx_word' id='word_1_356' title='bbox 2263 1902 2566 1955; x_wconf 83' lang='lat' dir='ltr'><strong>Ambrosius</strong></span> <span class='ocrx_word' id='word_1_357' title='bbox 2608 1903 2681 1953; x_wconf 81' lang='lat' dir='ltr'><strong>de</strong></span> 
     </span>
     <span class='ocr_line' id='line_1_71' title="bbox 1611 1978 2683 2043; baseline 0.004 -15"><span class='ocrx_word' id='word_1_358' title='bbox 1611 1978 1845 2029; x_wconf 86' lang='lat' dir='ltr'><strong>Officiis:</strong></span> <span class='ocrx_word' id='word_1_359' title='bbox 1879 1981 1897 2008; x_wconf 91' lang='grc'><strong><em>6</em></strong></span> <span class='ocrx_word' id='word_1_360' title='bbox 1923 1982 2041 2029; x_wconf 84' lang='lat' dir='ltr'><strong>Vox</strong></span> <span class='ocrx_word' id='word_1_361' title='bbox 2060 1980 2175 2043; x_wconf 84' lang='lat' dir='ltr'><strong>ipsa</strong></span> <span class='ocrx_word' id='word_1_362' title='bbox 2196 1994 2299 2029; x_wconf 90' lang='lat' dir='ltr'><strong>non</strong></span> <span class='ocrx_word' id='word_1_363' title='bbox 2323 1980 2553 2043; x_wconf 85' lang='lat' dir='ltr'><strong>remissa,</strong></span> <span class='ocrx_word' id='word_1_364' title='bbox 2571 1996 2683 2031; x_wconf 84' lang='lat' dir='ltr'><strong>non</strong></span> 
     </span>
     <span class='ocr_line' id='line_1_72' title="bbox 1608 2051 2679 2120; baseline 0.006 -18"><span class='ocrx_word' id='word_1_365' title='bbox 1608 2051 1799 2115; x_wconf 83' lang='lat' dir='ltr'><strong>fracta,</strong></span> <span class='ocrx_word' id='word_1_366' title='bbox 1814 2052 1941 2103; x_wconf 81' lang='lat' dir='ltr'><strong>nihil</strong></span> <span class='ocrx_word' id='word_1_367' title='bbox 1959 2053 2257 2104; x_wconf 86' lang='lat' dir='ltr'><strong>foemineum</strong></span> <span class='ocrx_word' id='word_1_368' title='bbox 2273 2056 2495 2105; x_wconf 87' lang='lat' dir='ltr'><strong>sonans.&#39;</strong></span> <span class='ocrx_word' id='word_1_369' title='bbox 2516 2056 2679 2120; x_wconf 78' lang='lat' dir='ltr'><strong>Apud</strong></span> 
     </span>
     <span class='ocr_line' id='line_1_73' title="bbox 1610 2129 2677 2196; baseline 0.004 -17"><span class='ocrx_word' id='word_1_370' title='bbox 1610 2129 1937 2195; x_wconf 81' lang='lat' dir='ltr'><strong>Xipbilinmn</strong></span> <span class='ocrx_word' id='word_1_371' title='bbox 1959 2132 2013 2181; x_wconf 88' lang='lat' dir='ltr'><strong>in</strong></span> <span class='ocrx_word' id='word_1_372' title='bbox 2035 2132 2381 2195; x_wconf 81' lang='lat' dir='ltr'><strong>Heliogabalo</strong></span> <span class='ocrx_word' id='word_1_373' title='bbox 2418 2132 2549 2196; x_wconf 67' lang='grc' dir='ltr'><strong>φωνὴ</strong></span> <span class='ocrx_word' id='word_1_374' title='bbox 2570 2148 2677 2185; x_wconf 68' lang='grc' dir='ltr'><strong>κεκ-</strong></span> 
     </span>
     <span class='ocr_line' id='line_1_74' title="bbox 1607 2197 2685 2267; baseline 0.004 -12"><span class='ocrx_word' id='word_1_375' title='bbox 1607 2204 1822 2267; x_wconf 77' lang='grc' dir='ltr'>λασμένη</span> <span class='ocrx_word' id='word_1_376' title='bbox 1856 2197 2066 2257; x_wconf 82' lang='lat' dir='ltr'><strong>dicitur.</strong></span> <span class='ocrx_word' id='word_1_377' title='bbox 2117 2208 2349 2259; x_wconf 80' lang='lat' dir='ltr'><strong>Isidorus</strong></span> <span class='ocrx_word' id='word_1_378' title='bbox 2382 2209 2477 2259; x_wconf 83' lang='lat' dir='ltr'><strong>lib.</strong></span> <span class='ocrx_word' id='word_1_379' title='bbox 2512 2224 2575 2262; x_wconf 83' lang='lat' dir='ltr'><strong>u.</strong></span> <span class='ocrx_word' id='word_1_380' title='bbox 2606 2210 2685 2259; x_wconf 77' lang='lat' dir='ltr'><strong>de·</strong></span> 
     </span>
     <span class='ocr_line' id='line_1_75' title="bbox 1609 2281 2678 2348; baseline 0.001 -15"><span class='ocrx_word' id='word_1_381' title='bbox 1609 2281 1833 2345; x_wconf 70' lang='lat' dir='ltr'><strong>Officiis,</strong></span> <span class='ocrx_word' id='word_1_382' title='bbox 1854 2297 1905 2333; x_wconf 87' lang='lat' dir='ltr'><strong>c.</strong></span> <span class='ocrx_word' id='word_1_383' title='bbox 1926 2286 2007 2331; x_wconf 79' lang='lat'><strong>12.</strong></span> <span class='ocrx_word' id='word_1_384' title='bbox 2039 2282 2055 2311; x_wconf 91' lang='grc'><strong><em>6</em></strong></span> <span class='ocrx_word' id='word_1_385' title='bbox 2081 2298 2181 2332; x_wconf 82' lang='lat' dir='ltr'><strong>vox</strong></span> <span class='ocrx_word' id='word_1_386' title='bbox 2216 2284 2425 2334; x_wconf 86' lang='lat' dir='ltr'><strong>lectoris</strong></span> <span class='ocrx_word' id='word_1_387' title='bbox 2454 2286 2678 2348; x_wconf 76' lang='lat' dir='ltr'><strong>simplex</strong></span> 
     </span>
     <span class='ocr_line' id='line_1_76' title="bbox 1608 2357 2681 2424; baseline 0.007 -19"><span class='ocrx_word' id='word_1_388' title='bbox 1608 2357 1727 2418; x_wconf 86' lang='lat' dir='ltr'><strong>erit,</strong></span> <span class='ocrx_word' id='word_1_389' title='bbox 1760 2358 1917 2420; x_wconf 85' lang='lat' dir='ltr'><strong>plena</strong></span> <span class='ocrx_word' id='word_1_390' title='bbox 1946 2358 2137 2421; x_wconf 87' lang='lat' dir='ltr'><strong>spiritu</strong></span> <span class='ocrx_word' id='word_1_391' title='bbox 2166 2360 2323 2423; x_wconf 84' lang='lat' dir='ltr'><strong>virili,</strong></span> <span class='ocrx_word' id='word_1_392' title='bbox 2360 2375 2461 2410; x_wconf 91' lang='lat' dir='ltr'><strong>non</strong></span> <span class='ocrx_word' id='word_1_393' title='bbox 2484 2360 2681 2424; x_wconf 81' lang='lat' dir='ltr'><strong>fracta,</strong></span> 
     </span>
     <span class='ocr_line' id='line_1_77' title="bbox 1606 2434 2675 2499; baseline 0.007 -18"><span class='ocrx_word' id='word_1_394' title='bbox 1606 2446 1705 2482; x_wconf 87' lang='lat' dir='ltr'><strong>nec</strong></span> <span class='ocrx_word' id='word_1_395' title='bbox 1742 2440 1943 2497; x_wconf 85' lang='lat' dir='ltr'><strong>tenera,</strong></span> <span class='ocrx_word' id='word_1_396' title='bbox 1981 2434 2211 2499; x_wconf 85' lang='lat' dir='ltr'><strong>nihilque</strong></span> <span class='ocrx_word' id='word_1_397' title='bbox 2252 2434 2553 2487; x_wconf 70' lang='lat' dir='ltr'><strong>foemineum</strong></span> <span class='ocrx_word' id='word_1_398' title='bbox 2592 2454 2675 2487; x_wconf 72' lang='lat' dir='ltr'><strong>so-</strong></span> 
     </span>
     <span class='ocr_line' id='line_1_78' title="bbox 1607 2509 2677 2576; baseline 0.006 -21"><span class='ocrx_word' id='word_1_399' title='bbox 1607 2512 1763 2557; x_wconf 85' lang='lat' dir='ltr'><strong>nans.’</strong></span> <span class='ocrx_word' id='word_1_400' title='bbox 1791 2509 2051 2571; x_wconf 74' lang='lat' dir='ltr'><strong>Sulpicius</strong></span> <span class='ocrx_word' id='word_1_401' title='bbox 2074 2510 2347 2561; x_wconf 85' lang='lat' dir='ltr'><strong>Servastus</strong></span> <span class='ocrx_word' id='word_1_402' title='bbox 2370 2512 2437 2563; x_wconf 90' lang='lat' dir='ltr'><strong>de</strong></span> <span class='ocrx_word' id='word_1_403' title='bbox 2461 2512 2677 2576; x_wconf 63' lang='lat' dir='ltr'><strong>Cupidi-</strong></span> 
     </span>
    </p>
   </div>
   <div class='ocr_carea' id='block_1_6' title="bbox 1608 2584 2743 2639">
    <p class='ocr_par' dir='ltr' id='par_1_13' title="bbox 1608 2584 2743 2639">
     <span class='ocr_line' id='line_1_79' title="bbox 1608 2584 2743 2639; baseline 0.007 -7"><span class='ocrx_word' id='word_1_404' title='bbox 1608 2587 1719 2633; x_wconf 86' lang='lat' dir='ltr'><strong>tate</strong></span> <span class='ocrx_word' id='word_1_405' title='bbox 1744 2585 1796 2634; x_wconf 89' lang='lat' dir='ltr'><strong>in</strong></span> <span class='ocrx_word' id='word_1_406' title='bbox 1830 2584 2117 2635; x_wconf 84' lang='lat' dir='ltr'><strong>Catalectis</strong></span> <span class='ocrx_word' id='word_1_407' title='bbox 2152 2586 2376 2637; x_wconf 82' lang='lat' dir='ltr'><strong>Pithoei:</strong></span> <span class='ocrx_word' id='word_1_408' title='bbox 2412 2588 2427 2614; x_wconf 90' lang='lat'>‘</span> <span class='ocrx_word' id='word_1_409' title='bbox 2448 2589 2679 2639; x_wconf 79' lang='lat' dir='ltr'><strong>Romani</strong></span> <span class='ocrx_word' id='word_1_410' title='bbox 2734 2616 2743 2625; x_wconf 93' lang='lat'><em>·</em></span> 
     </span>
    </p>
   </div>
   <div class='ocr_carea' id='block_1_7' title="bbox 1607 2660 2675 2728">
    <p class='ocr_par' dir='ltr' id='par_1_14' title="bbox 1607 2660 2675 2728">
     <span class='ocr_line' id='line_1_80' title="bbox 1607 2660 2675 2728; baseline 0.006 -20"><span class='ocrx_word' id='word_1_411' title='bbox 1607 2660 1859 2709; x_wconf 85' lang='lat' dir='ltr'><strong>sermonis</strong></span> <span class='ocrx_word' id='word_1_412' title='bbox 1914 2676 2095 2725; x_wconf 85' lang='lat' dir='ltr'><strong>egens,</strong></span> <span class='ocrx_word' id='word_1_413' title='bbox 2145 2662 2461 2728; x_wconf 84' lang='lat' dir='ltr'><strong>ridendaque</strong></span> <span class='ocrx_word' id='word_1_414' title='bbox 2512 2665 2675 2715; x_wconf 81' lang='lat' dir='ltr'><strong>verba</strong></span> 
     </span>
    </p>
   </div>
   <div class='ocr_carea' id='block_1_8' title="bbox 1572 2738 2675 2805">
    <p class='ocr_par' dir='ltr' id='par_1_15' title="bbox 1572 2738 2675 2805">
     <span class='ocr_line' id='line_1_81' title="bbox 1572 2738 2675 2805; baseline 0.004 -18"><span class='ocrx_word' id='word_1_415' title='bbox 1572 2792 1582 2800; x_wconf 63' lang='grc'>,</span> <span class='ocrx_word' id='word_1_416' title='bbox 1607 2738 1827 2801; x_wconf 80' lang='lat' dir='ltr'><strong>Frangit</strong></span> <span class='ocrx_word' id='word_1_417' title='bbox 1859 2739 1927 2787; x_wconf 84' lang='lat' dir='ltr'><strong>ad</strong></span> <span class='ocrx_word' id='word_1_418' title='bbox 1963 2738 2229 2789; x_wconf 80' lang='lat' dir='ltr'><strong>horrificos</strong></span> <span class='ocrx_word' id='word_1_419' title='bbox 2252 2740 2463 2789; x_wconf 85' lang='lat' dir='ltr'><strong>turbida</strong></span> <span class='ocrx_word' id='word_1_420' title='bbox 2496 2741 2675 2805; x_wconf 80' lang='lat' dir='ltr'><strong>lingua</strong></span> 
     </span>
    </p>
   </div>
   <div class='ocr_carea' id='block_1_9' title="bbox 1600 2811 2677 3862">
    <p class='ocr_par' dir='ltr' id='par_1_16' title="bbox 1600 2811 2677 3862">
     <span class='ocr_line' id='line_1_82' title="bbox 1607 2811 2677 2881; baseline 0.006 -20"><span class='ocrx_word' id='word_1_421' title='bbox 1607 2811 1789 2861; x_wconf 68' lang='lat' dir='ltr'><strong>sonos!</strong></span> <span class='ocrx_word' id='word_1_422' title='bbox 1823 2811 2075 2878; x_wconf 78' lang='lat' dir='ltr'><strong>Avienus,</strong></span> <span class='ocrx_word' id='word_1_423' title='bbox 2105 2816 2231 2865; x_wconf 86' lang='lat' dir='ltr'><strong>Fab.</strong></span> <span class='ocrx_word' id='word_1_424' title='bbox 2253 2828 2393 2867; x_wconf 76' lang='lat' dir='ltr'><strong>xvix.</strong></span> <span class='ocrx_word' id='word_1_425' title='bbox 2425 2819 2441 2845; x_wconf 92' lang='grc'><strong><em>6</em></strong></span> <span class='ocrx_word' id='word_1_426' title='bbox 2468 2817 2569 2867; x_wconf 79' lang='lat' dir='ltr'><strong>illa</strong></span> <span class='ocrx_word' id='word_1_427' title='bbox 2586 2830 2677 2881; x_wconf 58' lang='lat' dir='ltr'><strong>gen·</strong></span> 
     </span>
     <span class='ocr_line' id='line_1_83' title="bbox 1607 2888 2671 2957; baseline 0.004 -20"><span class='ocrx_word' id='word_1_428' title='bbox 1607 2902 1771 2953; x_wconf 86' lang='lat' dir='ltr'><strong>mens,</strong></span> <span class='ocrx_word' id='word_1_429' title='bbox 1801 2888 2075 2955; x_wconf 85' lang='lat' dir='ltr'><strong>fractoque</strong></span> <span class='ocrx_word' id='word_1_430' title='bbox 2116 2892 2255 2957; x_wconf 81' lang='lat' dir='ltr'><strong>loqui</strong></span> <span class='ocrx_word' id='word_1_431' title='bbox 2286 2894 2375 2941; x_wconf 80' lang='lat' dir='ltr'><strong>vix</strong></span> <span class='ocrx_word' id='word_1_432' title='bbox 2410 2906 2671 2943; x_wconf 83' lang='lat' dir='ltr'><strong>murmure</strong></span> 
     </span>
     <span class='ocr_line' id='line_1_84' title="bbox 1607 2965 2671 3033; baseline 0.001 -15"><span class='ocrx_word' id='word_1_433' title='bbox 1607 2965 1801 3029; x_wconf 58' lang='lat' dir='ltr'><strong>coepit?</strong></span> <span class='ocrx_word' id='word_1_434' title='bbox 1866 2967 2109 3017; x_wconf 78' lang='lat' dir='ltr'><strong>Fructum</strong></span> <span class='ocrx_word' id='word_1_435' title='bbox 2146 2968 2391 3019; x_wconf 83' lang='lat' dir='ltr'><strong>dicebant</strong></span> <span class='ocrx_word' id='word_1_436' title='bbox 2426 2970 2671 3033; x_wconf 71' lang='lat' dir='ltr'><strong>quicquid</strong></span> 
     </span>
     <span class='ocr_line' id='line_1_85' title="bbox 1607 3040 2670 3108; baseline 0.004 -19"><span class='ocrx_word' id='word_1_437' title='bbox 1607 3041 1791 3091; x_wconf 87' lang='lat' dir='ltr'><strong>molle:</strong></span> <span class='ocrx_word' id='word_1_438' title='bbox 1838 3040 1959 3091; x_wconf 82' lang='lat' dir='ltr'><strong>hinc</strong></span> <span class='ocrx_word' id='word_1_439' title='bbox 1993 3048 2051 3091; x_wconf 91' lang='lat' dir='ltr'><strong>et</strong></span> <span class='ocrx_word' id='word_1_440' title='bbox 2088 3043 2227 3105; x_wconf 85' lang='lat' dir='ltr'><strong>apud</strong></span> <span class='ocrx_word' id='word_1_441' title='bbox 2266 3044 2505 3093; x_wconf 83' lang='lat' dir='ltr'><strong>Persium</strong></span> <span class='ocrx_word' id='word_1_442' title='bbox 2538 3046 2554 3072; x_wconf 92' lang='grc'><strong><em>6</em></strong></span> <span class='ocrx_word' id='word_1_443' title='bbox 2578 3058 2670 3108; x_wconf 81' lang='lat' dir='ltr'><strong>pa-</strong></span> 
     </span>
     <span class='ocr_line' id='line_1_86' title="bbox 1608 3116 2675 3173; baseline 0.006 -8"><span class='ocrx_word' id='word_1_444' title='bbox 1608 3118 1767 3166; x_wconf 84' lang='lat' dir='ltr'><strong>tranti</strong></span> <span class='ocrx_word' id='word_1_445' title='bbox 1800 3116 2002 3167; x_wconf 66' lang='lat' dir='ltr'><strong>fractus⁴</strong></span> <span class='ocrx_word' id='word_1_446' title='bbox 2032 3118 2234 3169; x_wconf 91' lang='lat' dir='ltr'><strong>ocello.&#39;</strong></span> <span class='ocrx_word' id='word_1_447' title='bbox 2298 3119 2439 3169; x_wconf 79' lang='lat' dir='ltr'><strong>Hor.</strong></span> <span class='ocrx_word' id='word_1_448' title='bbox 2472 3120 2559 3169; x_wconf 92' lang='lat' dir='ltr'><strong>lib.</strong></span> <span class='ocrx_word' id='word_1_449' title='bbox 2584 3132 2675 3173; x_wconf 76' lang='lat'><strong>111.-</strong></span> 
     </span>
     <span class='ocr_line' id='line_1_87' title="bbox 1608 3190 2673 3258; baseline 0.004 -17"><span class='ocrx_word' id='word_1_450' title='bbox 1608 3190 1713 3245; x_wconf 90' lang='lat' dir='ltr'><strong>Od.</strong></span> <span class='ocrx_word' id='word_1_451' title='bbox 1734 3198 1782 3245; x_wconf 81' lang='lat'><strong>6.</strong></span> <span class='ocrx_word' id='word_1_452' title='bbox 1817 3194 1833 3223; x_wconf 88' lang='grc'><strong><em>6</em></strong></span> <span class='ocrx_word' id='word_1_453' title='bbox 1858 3194 2039 3245; x_wconf 87' lang='lat' dir='ltr'><strong>Motus</strong></span> <span class='ocrx_word' id='word_1_454' title='bbox 2060 3194 2239 3245; x_wconf 85' lang='lat' dir='ltr'><strong>doceri</strong></span> <span class='ocrx_word' id='word_1_455' title='bbox 2258 3194 2451 3258; x_wconf 84' lang='lat' dir='ltr'><strong>gaudet</strong></span> <span class='ocrx_word' id='word_1_456' title='bbox 2464 3194 2673 3247; x_wconf 82' lang='lat' dir='ltr'><strong>Ionicos</strong></span> 
     </span>
     <span class='ocr_line' id='line_1_88' title="bbox 1608 3268 2673 3333; baseline 0.002 -15"><span class='ocrx_word' id='word_1_457' title='bbox 1608 3269 1819 3319; x_wconf 81' lang='lat' dir='ltr'><strong>Matura</strong></span> <span class='ocrx_word' id='word_1_458' title='bbox 1846 3270 2010 3333; x_wconf 81' lang='lat' dir='ltr'><strong>virgo,</strong></span> <span class='ocrx_word' id='word_1_459' title='bbox 2044 3276 2103 3321; x_wconf 90' lang='lat' dir='ltr'><strong>et</strong></span> <span class='ocrx_word' id='word_1_460' title='bbox 2134 3268 2391 3332; x_wconf 76' lang='lat' dir='ltr'><strong>frangitur</strong></span> <span class='ocrx_word' id='word_1_461' title='bbox 2416 3270 2673 3321; x_wconf 63' lang='lat' dir='ltr'><strong>artubus!</strong></span> 
     </span>
     <span class='ocr_line' id='line_1_89' title="bbox 1605 3344 2670 3411; baseline 0.001 -17"><span class='ocrx_word' id='word_1_462' title='bbox 1605 3346 1694 3407; x_wconf 68' lang='lat' dir='ltr'><strong>Sic</strong></span> <span class='ocrx_word' id='word_1_463' title='bbox 1704 3346 1842 3395; x_wconf 85' lang='lat' dir='ltr'><strong>enim</strong></span> <span class='ocrx_word' id='word_1_464' title='bbox 1852 3346 2049 3411; x_wconf 84' lang='lat' dir='ltr'><strong>optime</strong></span> <span class='ocrx_word' id='word_1_465' title='bbox 2067 3345 2121 3393; x_wconf 88' lang='lat' dir='ltr'><strong>in</strong></span> <span class='ocrx_word' id='word_1_466' title='bbox 2138 3344 2500 3395; x_wconf 76' lang='lat' dir='ltr'><strong>vetustissimis</strong></span> <span class='ocrx_word' id='word_1_467' title='bbox 2512 3360 2670 3395; x_wconf 86' lang='lat' dir='ltr'><strong>mem·</strong></span> 
     </span>
     <span class='ocr_line' id='line_1_90' title="bbox 1608 3420 2669 3485; baseline 0.002 -16"><span class='ocrx_word' id='word_1_468' title='bbox 1608 3420 1817 3471; x_wconf 83' lang='lat' dir='ltr'><strong>branis:</strong></span> <span class='ocrx_word' id='word_1_469' title='bbox 1854 3422 2003 3483; x_wconf 82' lang='lat' dir='ltr'><strong>vulgo</strong></span> <span class='ocrx_word' id='word_1_470' title='bbox 2008 3420 2227 3485; x_wconf 71' lang='lat' dir='ltr'><strong>fingitur</strong></span> <span class='ocrx_word' id='word_1_471' title='bbox 2243 3420 2443 3485; x_wconf 66' lang='lat' dir='ltr'><strong>milvus.</strong></span> <span class='ocrx_word' id='word_1_472' title='bbox 2498 3422 2669 3473; x_wconf 71' lang='lat' dir='ltr'><strong>Miror</strong></span> 
     </span>
     <span class='ocr_line' id='line_1_91' title="bbox 1606 3496 2669 3561; baseline 0.006 -16"><span class='ocrx_word' id='word_1_473' title='bbox 1606 3496 1719 3559; x_wconf 88' lang='lat' dir='ltr'><strong>ejus</strong></span> <span class='ocrx_word' id='word_1_474' title='bbox 1757 3496 1903 3545; x_wconf 81' lang='lat' dir='ltr'><strong>verbi</strong></span> <span class='ocrx_word' id='word_1_475' title='bbox 1940 3496 2261 3559; x_wconf 77' lang='lat' dir='ltr'><strong>elegantiam</strong></span> <span class='ocrx_word' id='word_1_476' title='bbox 2292 3496 2669 3561; x_wconf 81' lang='lat' dir='ltr'><strong>interpretibus</strong></span> 
     </span>
     <span class='ocr_line' id='line_1_92' title="bbox 1604 3570 2669 3635; baseline 0.006 -15"><span class='ocrx_word' id='word_1_477' title='bbox 1604 3585 1707 3620; x_wconf 89' lang='lat' dir='ltr'><strong>non</strong></span> <span class='ocrx_word' id='word_1_478' title='bbox 1737 3570 2079 3633; x_wconf 84' lang='lat' dir='ltr'><strong>intellectam,</strong></span> <span class='ocrx_word' id='word_1_479' title='bbox 2100 3586 2205 3635; x_wconf 88' lang='lat' dir='ltr'><strong>quo</strong></span> <span class='ocrx_word' id='word_1_480' title='bbox 2224 3571 2487 3623; x_wconf 89' lang='lat' dir='ltr'><strong>mimicum</strong></span> <span class='ocrx_word' id='word_1_481' title='bbox 2522 3574 2669 3626; x_wconf 81' lang='lat' dir='ltr'><strong>illum</strong></span> 
     </span>
     <span class='ocr_line' id='line_1_93' title="bbox 1604 3646 2667 3711; baseline 0.005 -14"><span class='ocrx_word' id='word_1_482' title='bbox 1604 3654 1661 3697; x_wconf 90' lang='lat' dir='ltr'><strong>et</strong></span> <span class='ocrx_word' id='word_1_483' title='bbox 1682 3647 1963 3696; x_wconf 84' lang='lat' dir='ltr'><strong>resolutum</strong></span> <span class='ocrx_word' id='word_1_484' title='bbox 1984 3646 2237 3697; x_wconf 87' lang='lat' dir='ltr'><strong>incessum</strong></span> <span class='ocrx_word' id='word_1_485' title='bbox 2252 3652 2531 3711; x_wconf 80' lang='lat' dir='ltr'><strong>expressit.</strong></span> <span class='ocrx_word' id='word_1_486' title='bbox 2565 3651 2667 3701; x_wconf 78' lang='lat' dir='ltr'><strong>Pe·</strong></span> 
     </span>
     <span class='ocr_line' id='line_1_94' title="bbox 1601 3721 2667 3790; baseline 0.006 -19"><span class='ocrx_word' id='word_1_487' title='bbox 1601 3730 1739 3772; x_wconf 87' lang='lat' dir='ltr'><strong>tron.</strong></span> <span class='ocrx_word' id='word_1_488' title='bbox 1772 3724 1787 3751; x_wconf 91' lang='lat'>‘</span> <span class='ocrx_word' id='word_1_489' title='bbox 1812 3721 2067 3787; x_wconf 83' lang='lat' dir='ltr'><strong>fractique</strong></span> <span class='ocrx_word' id='word_1_490' title='bbox 2088 3724 2269 3773; x_wconf 84' lang='lat' dir='ltr'><strong>enervi</strong></span> <span class='ocrx_word' id='word_1_491' title='bbox 2288 3739 2509 3788; x_wconf 80' lang='lat' dir='ltr'><strong>corpore</strong></span> <span class='ocrx_word' id='word_1_492' title='bbox 2520 3742 2667 3790; x_wconf 74' lang='lat' dir='ltr'><strong>gres·-</strong></span> 
     </span>
     <span class='ocr_line' id='line_1_95' title="bbox 1600 3798 2667 3862; baseline 0.007 -15"><span class='ocrx_word' id='word_1_493' title='bbox 1600 3798 1723 3847; x_wconf 88' lang='lat' dir='ltr'><strong>sus.&#39;</strong></span> <span class='ocrx_word' id='word_1_494' title='bbox 1780 3798 2039 3849; x_wconf 86' lang='lat' dir='ltr'><strong>Prudeut.</strong></span> <span class='ocrx_word' id='word_1_495' title='bbox 2081 3799 2453 3862; x_wconf 82' lang='lat' dir='ltr'><strong>Psychomacb.</strong></span> <span class='ocrx_word' id='word_1_496' title='bbox 2484 3802 2500 3829; x_wconf 87' lang='grc'><strong><em>6</em></strong></span> <span class='ocrx_word' id='word_1_497' title='bbox 2524 3803 2667 3853; x_wconf 85' lang='lat' dir='ltr'><strong>Seri-</strong></span> 
     </span>
    </p>
   </div>
   <div class='ocr_carea' id='block_1_10' title="bbox 1573 3872 2665 3940">
    <p class='ocr_par' dir='ltr' id='par_1_17' title="bbox 1573 3872 2665 3940">
     <span class='ocr_line' id='line_1_96' title="bbox 1573 3872 2665 3940; baseline 0.003 -15"><span class='ocrx_word' id='word_1_498' title='bbox 1573 3899 1577 3905; x_wconf 95' lang='lat'>·</span> <span class='ocrx_word' id='word_1_499' title='bbox 1601 3890 1763 3940; x_wconf 86' lang='lat' dir='ltr'><strong>caque</strong></span> <span class='ocrx_word' id='word_1_500' title='bbox 1778 3875 1831 3923; x_wconf 90' lang='lat' dir='ltr'><strong>iu</strong></span> <span class='ocrx_word' id='word_1_501' title='bbox 1848 3873 2031 3925; x_wconf 83' lang='lat' dir='ltr'><strong>fractis</strong></span> <span class='ocrx_word' id='word_1_502' title='bbox 2047 3872 2257 3925; x_wconf 80' lang='lat' dir='ltr'><strong>fluitent</strong></span> <span class='ocrx_word' id='word_1_503' title='bbox 2271 3883 2331 3925; x_wconf 85' lang='lat' dir='ltr'><strong>ut</strong></span> <span class='ocrx_word' id='word_1_504' title='bbox 2338 3874 2495 3939; x_wconf 73' lang='lat' dir='ltr'><strong>palli‘a</strong></span> <span class='ocrx_word' id='word_1_505' title='bbox 2506 3892 2665 3929; x_wconf 87' lang='lat' dir='ltr'><strong>mem-</strong></span> 
     </span>
    </p>
   </div>
   <div class='ocr_carea' id='block_1_11' title="bbox 1600 3950 2667 4248">
    <p class='ocr_par' dir='ltr' id='par_1_18' title="bbox 1600 3950 2667 4248">
     <span class='ocr_line' id='line_1_97' title="bbox 1602 3950 2663 4013; baseline 0.006 -12"><span class='ocrx_word' id='word_1_506' title='bbox 1602 3950 1748 4001; x_wconf 65' lang='lat' dir='ltr'><strong>bris?</strong></span> <span class='ocrx_word' id='word_1_507' title='bbox 1803 3953 1879 4000; x_wconf 88' lang='lat' dir='ltr'><strong>D.</strong></span> <span class='ocrx_word' id='word_1_508' title='bbox 1904 3950 2247 4013; x_wconf 82' lang='lat' dir='ltr'><strong>Hieronymus</strong></span> <span class='ocrx_word' id='word_1_509' title='bbox 2268 3952 2332 4000; x_wconf 89' lang='lat' dir='ltr'><strong>ad</strong></span> <span class='ocrx_word' id='word_1_510' title='bbox 2356 3954 2629 4005; x_wconf 87' lang='lat' dir='ltr'><strong>Rusticum</strong></span> <span class='ocrx_word' id='word_1_511' title='bbox 2644 3972 2663 4007; x_wconf 74' lang='lat' dir='ltr'>x</span> 
     </span>
     <span class='ocr_line' id='line_1_98' title="bbox 1600 4027 2665 4091; baseline 0.003 -14"><span class='ocrx_word' id='word_1_512' title='bbox 1600 4029 1617 4055; x_wconf 91' lang='grc'><strong><em>6</em></strong></span> <span class='ocrx_word' id='word_1_513' title='bbox 1640 4029 1745 4081; x_wconf 81' lang='lat' dir='ltr'><strong>Qui</strong></span> <span class='ocrx_word' id='word_1_514' title='bbox 1767 4027 1985 4091; x_wconf 85' lang='lat' dir='ltr'><strong>gradum</strong></span> <span class='ocrx_word' id='word_1_515' title='bbox 1997 4027 2201 4077; x_wconf 88' lang='lat' dir='ltr'><strong>mollius</strong></span> <span class='ocrx_word' id='word_1_516' title='bbox 2218 4027 2511 4079; x_wconf 87' lang='lat' dir='ltr'><strong>incedendo</strong></span> <span class='ocrx_word' id='word_1_517' title='bbox 2522 4029 2665 4080; x_wconf 80' lang='lat' dir='ltr'><strong>fran-</strong></span> 
     </span>
     <span class='ocr_line' id='line_1_99' title="bbox 1604 4103 2664 4171; baseline 0.005 -15"><span class='ocrx_word' id='word_1_518' title='bbox 1604 4114 1749 4171; x_wconf 84' lang='lat' dir='ltr'><strong>gunt,</strong></span> <span class='ocrx_word' id='word_1_519' title='bbox 1769 4112 2015 4169; x_wconf 83' lang='lat' dir='ltr'><strong>tanquam</strong></span> <span class='ocrx_word' id='word_1_520' title='bbox 2032 4103 2235 4155; x_wconf 84' lang='lat' dir='ltr'><strong>ferrent</strong></span> <span class='ocrx_word' id='word_1_521' title='bbox 2248 4119 2397 4155; x_wconf 85' lang='lat' dir='ltr'><strong>sacra</strong></span> <span class='ocrx_word' id='word_1_522' title='bbox 2410 4108 2664 4161; x_wconf 55' lang='lat' dir='ltr'><strong>sunonis?</strong></span> 
     </span>
     <span class='ocr_line' id='line_1_100' title="bbox 1600 4181 2667 4248; baseline -0.001 -14"><span class='ocrx_word' id='word_1_523' title='bbox 1600 4181 1861 4248; x_wconf 80' lang='lat' dir='ltr'><strong>Sulpicius</strong></span> <span class='ocrx_word' id='word_1_524' title='bbox 1882 4182 2149 4245; x_wconf 83' lang='lat' dir='ltr'><strong>Lupercus</strong></span> <span class='ocrx_word' id='word_1_525' title='bbox 2180 4181 2239 4235; x_wconf 86' lang='lat' dir='ltr'><strong>in</strong></span> <span class='ocrx_word' id='word_1_526' title='bbox 2272 4181 2561 4234; x_wconf 80' lang='lat' dir='ltr'><strong>Catalectis</strong></span> <span class='ocrx_word' id='word_1_527' title='bbox 2578 4184 2667 4233; x_wconf 54' lang='lat' dir='ltr'><strong>Pi*</strong></span> 
     </span>
    </p>
   </div>
  </div>
 </body>
</html>
