3167 4984
568 386 743 471 1542.

579 568 606 615 s
638 546 881 609 Telendit]
898 546 1054 597 Dicas
1068 546 1210 597 velut
1225 558 1416 607 sagena
1425 542 1630 613 cepisse

568 622 807 686 populos,
825 637 929 686 qua
953 629 1108 685 rupta
1127 621 1435 671 exciderunt
1450 627 1632 685 postea

570 698 861 763 Rroyinciae
886 704 942 748 et
965 696 1153 747 Urbes.
1191 696 1374 746 Barth.

576 814 589 839 ξ
634 778 730 823 139
764 775 1011 837 Parvaque
1042 788 1073 822 u
1104 775 1213 823 sede
1236 770 1473 835 prosecta]
1512 770 1630 819 Pro-

552 851 715 909 fectus
735 850 971 901 meliores
993 848 1129 899 libri.
1162 848 1269 898 Pro
1291 848 1535 911 Dispersit
1552 849 1631 897 vir

570 926 817 973 maximus
854 925 1102 987 dispescit.
1094 941 1107 954 ·
1135 926 1285 975 male.
1328 925 1448 975 Val.
1483 924 1630 973 Flac-

568 1016 681 1067 cus,
719 1002 821 1051 1.1.
851 1001 1081 1051 ‘Saltem
1116 1002 1166 1050 in
1206 1014 1390 1050 vacuos
1421 1007 1481 1049 ut
1517 1001 1631 1049 bra-

571 1077 687 1145 chia
711 1082 891 1125 ventos
912 1077 1173 1140 spargat.
1214 1078 1282 1128 D.
1306 1077 1475 1127 Heius.

634 1156 729 1202 140
762 1153 1004 1215 Dispersit
1037 1170 1142 1203 cum
1165 1155 1278 1205 Sole
1292 1152 1479 1217 marim]
1526 1152 1630 1201 Po·

566 1229 779 1291 tentiam
802 1244 945 1279 suam
967 1244 1083 1278 cum
1106 1230 1300 1279 Solaris
1323 1244 1501 1279 cursus
1524 1244 1630 1277 am·

567 1306 827 1369 p-litudine
854 1307 1091 1371 aequavit.
1131 1307 1309 1357 Barth.

637 1382 950 1451 Olmiafatis]
991 1384 1125 1433 Votis
1146 1383 1307 1435 Prim.
1329 1366 1499 1433 Vati'c.
1517 1382 1631 1475 alii-

568 1474 668 1529 que
692 1460 856 1509 multi.
888 1458 959 1509 D.
983 1459 1153 1509 Heius.

636 1539 728 1584 141
782 1533 1006 1596 Pugnas]
1065 1535 1231 1599 Bella,
1286 1549 1401 1597 quae
1457 1534 1632 1601 duella

567 1611 708 1668 olim.
745 1610 921 1675 Barth.

634 1691 728 1737 142
762 1684 1072 1735 Submitteret
1088 1684 1247 1747 urbes]
1284 1685 1531 1736 Obsideret
1545 1701 1632 1735 ex·

567 1765 700 1813 arati
738 1761 852 1813 fere
889 1760 1097 1821 omnes;
1123 1757 1298 1811 bene:
1336 1769 1396 1812 ut
1419 1764 1632 1813 Delrius

557 1842 671 1904 jam
710 1838 985 1903 legendum
1028 1838 1161 1888 vidit
1206 1852 1272 1887 ex
1315 1839 1406 1888 illo
1447 1854 1631 1890 versu:

570 1919 584 1944 ‘
614 1916 806 1979 Meque
829 1914 1122 1964 minabatur
1157 1916 1359 1965 calcato
1393 1916 1632 1965 obsidere

571 1990 739 2049 vallo!
772 1991 842 2039 D.
864 1990 1039 2039 Heius.

636 2072 729 2117 144
750 2067 1020 2148 Numquam
1034 2068 1275 2119 succubuit
1292 2068 1505 2133 damnis]
1525 2070 1634 2120 Ho-

570 2143 731 2192 ratius
755 2128 947 2191 verbis
948 2143 1284 2193 Hannibalis:
1320 2145 1499 2195 ‘Gens
1516 2161 1630 2210 qnae

568 2226 798 2275 cremato
843 2217 991 2271 fortis
1036 2218 1102 2269 ab
1155 2220 1279 2283 Ilio,
1332 2224 1431 2271 διο.
1524 2223 1634 2270 Per

570 2295 773 2357 damna,
797 2309 893 2358 per
906 2295 1095 2357 caedes,
1112 2294 1210 2345 ab
1197 2310 1309 2359 ipso
1324 2297 1493 2347 Sumit
1507 2312 1634 2361 opes

570 2372 863 2435 animosque
885 2369 1062 2419 ferro?
1105 2372 1276 2423 Barth.

636 2450 729 2495 145
786 2447 905 2497 Post
949 2448 1139 2497 Cannas
1180 2448 1351 2513 mayor]
1417 2449 1629 2498 Florus:

568 2523 583 2551 ‘
610 2524 805 2586 Magna
828 2525 1005 2587 populi
1029 2526 1245 2575 Romani
1274 2528 1513 2587 Fortuna,
1540 2526 1632 2575 sed

570 2614 776 2662 semper
797 2601 942 2648 malis
962 2601 1125 2664 major
1142 2602 1462 2669 resurrexit?
1484 2602 1632 2671 Idem,

638 2678 732 2722 146
766 2674 1047 2737 Merumque
1055 2673 1236 2734 feriret
1261 2675 1453 2737 Hostis]
1487 2675 1632 2725 Allu-

570 2750 711 2807 ditur
735 2748 995 2798 Hannibal
1039 2750 1105 2799 ad
1129 2752 1332 2799 Portas.
1368 2752 1517 2800 Idem.

638 2827 925 2888 Mur-umque
954 2825 1132 2886 feriret
1166 2827 1357 2890 Hostis]
1410 2828 1634 2877 Fet-irent

570 2902 797 2966 optimus
818 2902 991 2952 Vatic.
1034 2902 1432 2967 Adeanturquae
1458 2903 1635 2951 obser-

570 2995 637 3031 .vo
672 2980 735 3045 ad
775 2981 1037 3029 Nasonem
1080 2980 1292 3030 Remed.
1322 2979 1500 3030 Amor.
1522 2984 1634 3031 164.

573 3058 646 3105 D.
672 3056 845 3105 Heius.

640 3137 735 3182 149
770 3133 880 3182 Alio
906 3131 1055 3197 Orbe]
1102 3132 1331 3181 Eatenus
1352 3130 1632 3199 incognito.

573 3210 753 3260 Barth.

639 3292 732 3337 150
770 3288 829 3337 1η
846 3287 1080 3348 gremium
1101 3286 1248 3335 victos
1269 3302 1371 3349 quoe
1390 3288 1487 3335 solu
1506 3302 1631 3335 rece-

564 3362 667 3426 pit]
700 3364 775 3412 Ut
796 3363 977 3424 aleret,
1014 3367 1269 3427 tueretur,
1304 3362 1409 3411 suis
1434 3363 1632 3413 civibus

570 3438 914 3500 adscriberet,
946 3437 1210 3503 diligeret,
1242 3436 1475 3499 foveret3
1510 3452 1632 3487 con-

572 3521 656 3564 tra
679 3530 849 3563 mores
873 3523 1221 3578 tyrannorum.
1253 3514 1400 3563 Idem.

569 3636 575 3643 ,
636 3594 732 3639 152
768 3590 967 3649 Matris,
1003 3604 1095 3637 non
1125 3589 1343 3651 dominoe,
1373 3589 1494 3653 ritu]
1529 3592 1632 3639 Ex·

569 3671 710 3727 serto
733 3665 910 3713 ubere.
953 3665 1305 3729 Symmachus,
1327 3666 1359 3716 l.
1374 3681 1437 3718 11.
1460 3666 1632 3733 Epist.

566 3746 619 3795 7.
653 3742 757 3790 Ubi
777 3740 965 3791 famem
990 3742 1352 3792 Gildonianam
1368 3742 1630 3809 deplorat.

570 3818 723 3869 Idem.

636 3899 729 3944 165
767 3895 953 3944 Patr-iis
986 3893 1275 3957 regionibus]
1324 3895 1484 3944 Roma
1522 3911 1629 3945 om-

566 3970 709 4022 nium
734 3972 1016 4019 communis
1038 3970 1241 4031 Patria,
1262 3970 1312 4018 in
1336 3986 1434 4035 qua
1456 3986 1626 4034 nemo,

566 4046 665 4094 nisi
691 4060 869 4094 servus
904 4052 992 4093 ant
1031 4046 1296 4107 barbarus,
1332 4049 1628 4111 peregrina·

564 4121 739 4187 batur.
776 4122 926 4171 Idem

634 4202 729 4245 156
763 4197 929 4247 Sedem
950 4204 1130 4247 mutare
1148 4196 1283 4261 licet]
1324 4162 1565 4265 Ubique
1550 4216 1627 4281 in-

565 4279 721 4321 venta
744 4272 933 4335 patria.

888 402 1105 471 NOTA}
1153 400 1555 450 vAmoRuM
1605 400 1683 452 IN
1735 398 1848 453 011.
1895 398 2176 469 chaun,
2223 400 2446 449 XXIV.

1775 544 1980 592 Cernere
2005 542 2208 606 Thulen]
2263 544 2566 594 Extremam
2607 546 2768 609 regio·

1705 633 1824 669 nem
1847 620 2024 669 dicere
2044 623 2176 683 vult,
2198 627 2256 669 ut
2277 622 2564 671 mediarum
2583 620 2770 673 facilli·

1706 710 1788 764 rna
1812 696 2086 757 habitatio,
2110 697 2252 745 salvo
2267 698 2387 760 jure
2411 698 2649 748 Civitatis
2668 700 2768 748 Ro-

1705 779 2222 835 manae,.patesceret.
2264 772 2442 822 Barth.

1774 848 1974 895 Cernere
2013 848 2188 896 Thulen
2224 847 2430 911 Rursus]
2476 848 2634 899 Lusus
2672 850 2771 899 Lu-

1705 936 1846 973 eeus.
1869 922 2088 987 Gyrald.
2113 924 2263 987 prim.
2285 925 2450 975 Vatic.
2473 931 2528 973 et
2548 926 2771 975 Rotten·

1704 998 2017 1062 dorphianus
2041 1016 2054 1059 ;
2105 1000 2239 1051 bene
2262 1016 2274 1049 ε
2333 1015 2492 1063 supra
2533 990 2568 1050 l.
2613 1016 2672 1051 ιι.
2715 1003 2768 1054 iu

1704 1072 1873 1123 Rufin.
1905 1076 1920 1105 ⁴
1945 1072 2274 1140 frontemque
2295 1078 2461 1125 secari
2493 1078 2689 1139 Ludus,
2711 1082 2768 1129 et

1703 1150 1902 1199 occisos
1943 1151 2212 1213 pulchrum
2248 1151 2430 1215 jurare
2488 1153 2777 1216 parentes.'

1701 1240 1788 1276 ιιι.
1808 1227 1960 1276 Cous.
1979 1227 2227 1278 Honorii:
2263 1229 2278 1255 ⁴
2293 1242 2572 1293 regumque
2591 1244 2770 1279 recen-

1704 1309 1786 1354 tes
1811 1302 2022 1353 Exuviae
2049 1303 2146 1352 tibi
2169 1303 2318 1352 ludus
2341 1304 2524 1353 erant.’
2584 1304 2770 1367 Virgil.

1703 1379 1818 1429 AEn.
1841 1392 1923 1430 ix.
1955 1379 1971 1406 ‘
1989 1380 2227 1429 Flectere
2246 1379 2396 1428 ludus
2412 1394 2570 1444 equos
2586 1386 2644 1429 et
2666 1380 2769 1443 spi·

1705 1457 1828 1509 cula
1851 1457 2066 1505 tendere
2090 1456 2284 1505 cornu.’
2327 1456 2598 1505 Sidonius:
2633 1456 2649 1482 ‘
2671 1456 2768 1505 Lu·
2806 1501 2811 1504 .

1692 1523 1798 1581 'dus
1823 1538 1938 1581 erat
1977 1546 2137 1595 puero
2161 1540 2333 1595 raptas
2353 1547 2420 1581 ex
2444 1533 2590 1581 hoste
2614 1532 2774 1595 sagit-

1704 1614 1782 1659 tas
1799 1610 2006 1659 Festina
2025 1616 2253 1675 tractare
2269 1608 2457 1661 mann!
2492 1611 2607 1661 Val.
2627 1611 2771 1659 Flac-

1704 1697 1811 1750 cus,
1835 1685 1868 1735 1.
1887 1698 1982 1733 ιιι.
2017 1687 2032 1713 ‘
2053 1686 2228 1736 Ludus
2260 1691 2312 1734 et
2349 1686 2436 1733 ille
2473 1688 2608 1746 Deo,
2629 1686 2772 1749 pavi·

1705 1760 1828 1809 dum
1851 1761 2171 1831 praesepibus
2208 1759 2381 1809 aufert
2421 1761 2549 1809 Cum
2578 1760 2770 1824 pecus!

1703 1837 1878 1899 Silius,
1899 1838 1935 1886 1.
1960 1850 2076 1885 xvi.
2110 1837 2125 1865 ‘
2153 1836 2249 1886 Cui
2273 1835 2423 1883 ludus
2442 1837 2636 1885 nullam
2659 1851 2772 1886 cur·

1707 1930 1766 1967 su
1779 1930 1882 1965 non
1895 1916 2079 1965 tollere
2098 1914 2331 1964 damam)
2351 1914 2569 1976 Statius,
2586 1913 2769 1965 Achill.
2843 1956 2850 1961 .

1707 2004 1772 2041 ιι.
1806 1993 1821 2019 ‘
1845 1991 2104 2055 Spargere
2136 1996 2325 2039 caestus
2355 1991 2530 2039 Ludus
2553 1998 2665 2039 erat
2687 2005 2776 2057 ref

1707 2067 1954 2131 quiesque
1993 2066 2150 2115 mihi.'
2217 2065 2446 2115 Avienus
2471 2067 2584 2116 Ora
2611 2066 2768 2115 Mari·

1708 2143 1862 2211 tima:
1898 2144 1912 2169 ‘
1936 2142 2080 2192 Gens
2115 2141 2200 2190 bic
2241 2142 2397 2190 docta
2435 2143 2528 2191 sali
2571 2142 2766 2191 tumido

1707 2218 1846 2268 freta
1881 2218 2085 2283 gurgite
2119 2219 2300 2281 currit,
2329 2219 2494 2283 Inque
2519 2220 2769 2283 procello·
2843 2234 2848 2241 ·

1707 2309 1787 2343 sos
1809 2292 2027 2343 lembum
2043 2302 2349 2343 convertere
2367 2293 2553 2345 fluctus
2566 2296 2768 2349 Ludum

1709 2369 1906 2437 babet!
1937 2370 2005 2419 D.
2029 2370 2204 2418 Heius.

1709 2470 1718 2483 ·
1776 2449 1870 2495 157
1923 2445 2201 2499 Horrendus
2245 2446 2468 2509 recessus]
2523 2447 2770 2497 Barbarie

1708 2522 1847 2573 omni
1890 2524 2108 2585 expulsa
2150 2529 2207 2571 et
2255 2522 2480 2585 moribus
2521 2524 2770 2583 Romanis

1707 2598 1916 2647 subdita
1948 2600 2084 2647 omni
2122 2599 2354 2663 regione.
2418 2599 2769 2662 Recessus‚ex·

1708 2682 1888 2727 tremae
1911 2676 2160 2737 regiones.
2197 2676 2376 2741 Barth.

1772 2756 1863 2801 161
1897 2752 2134 2801 Luxuries
2155 2751 2310 2813 vitiis]
2350 2754 2364 2779 ‘
2393 2750 2570 2801 Otium
2596 2752 2765 2815 Reges

1707 2828 1850 2893 prins
1906 2835 1962 2877 et
2014 2827 2192 2877 >beatas
2249 2826 2494 2876 Perdidit
2559 2826 2766 2877 Urbes.'

1708 2906 1858 2955 Idm.
2757 2962 2762 2969 ‚

1774 2989 1869 3033 162
1907 2984 2040 3033 Male
2057 2984 2296 3049 sublimes]
2332 2983 2657 3046 Inconsulte,
2677 2983 2769 3032 im·

1708 3060 1942 3124 provide.
1978 3060 2130 3113 Idem.

1774 3140 1868 3185 164
1903 3135 2056 3199 Tulit]
2087 3135 2336 3186 Abstulit.
2371 3137 2523 3186 Idm.

1772 3216 1864 3261 167
1902 3211 2026 3260 Haec
2059 3213 2208 3261 sacris
2235 3212 2448 3261 uuinwtu
2467 3212 2640 3263 Numoe
2671 3210 2766 3275 est]

1704 3288 1898 3351 Scripti
1919 3286 1976 3335 τὸ
1999 3293 2068 3337 est
2095 3278 2198 3337 non
2228 3295 2555 3350 agnoscunt:
2587 3288 2766 3352 quales

1703 3364 1876 3413 hiatus
1886 3364 1934 3413 in
1945 3363 2162 3425 Virgilio
2175 3378 2450 3413 occurrere
2463 3362 2766 3429 frequentes

1704 3454 1860 3503 supra
1872 3442 1982 3505 jam
2004 3440 2242 3507 diximus.
2279 3442 2475 3493 Noster
2497 3441 2767 3505 Epithala-

1705 3516 1807 3564 mio
1832 3516 2076 3565 Honorii:
2112 3518 2126 3543 ⁸
2151 3518 2222 3565 Et
2259 3519 2498 3581 platanus
2536 3518 2768 3582 platano,

1705 3592 1926 3655 alnoque.
1975 3592 2206 3642 assibilat
2263 3595 2411 3663 alnus
2433 3593 2466 3641 ι’
2522 3594 2598 3643 ita
2652 3592 2762 3643 illic

1705 3667 1886 3731 scripti
1922 3670 2209 3731 complures
2243 3677 2298 3719 et
2328 3684 2393 3718 ex
2415 3670 2581 3719 veteri
2615 3669 2768 3731 libro,

1706 3744 1933 3794 secundo
1973 3746 2022 3794 in
2065 3747 2284 3810 Eutrop.
2333 3741 2661 3809 ‘Tarbigilus
2700 3746 2766 3793 si·

1704 3820 1898 3873 mulare
1939 3820 2130 3885 sugam,
2168 3821 2424 3887 flatusque
2461 3823 2626 3871 leonis
2659 3823 2767 3889 Spe

1704 3898 1898 3946 nutrire
1921 3897 2041 3959 levi,
2061 3899 2466 3962 improvisusque
2501 3907 2714 3963 repe-nte
2734 3898 2768 3949 τ’

1704 3972 1892 4023 deinde
1924 3989 2016 4035 pro
2053 3974 2308 4033 ltine,huic
2331 3989 2446 4023 cum
2477 3975 2621 4023 libris
2643 3990 2767 4023 non·

1703 4049 1854 4097 nullis
1886 4048 2196 4109 legendum:
2243 4050 2388 4099 librat
2425 4052 2584 4099 etiam
2623 4059 2765 4100 reete

1703 4139 1837 4172 unus
1875 4126 2060 4173 Petav.
2101 4133 2154 4173 et
2197 4142 2326 4175 unus
2366 4127 2538 4177 vatic.
2606 4126 2764 4191 Apud

1701 4200 2000 4260 Horatium,
2038 4202 2072 4249 l.
2096 4212 2186 4257 111.
2224 4202 2325 4251 Od.
2351 4205 2429 4251 14.
2479 4207 2496 4231 ⁶
2522 4204 2669 4266 pueri
2709 4210 2766 4251 et

1605 4338 1616 4345 ι
1704 4276 1890 4338 puellae
1906 4276 2030 4327 Jam
2052 4277 2218 4347 virum
2230 4281 2628 4343 expertae‚ma.'le
2636 4278 2766 4331 omi·
