3167 4984
552 345 739 433 ¹⁴wi

894 356 1109 406 NOTAE
1156 352 1559 404 VARIORUM
1607 352 1688 400 IN
1737 352 1852 400 01..
1891 350 2169 400 (ΗΛ-4111).
2218 349 2444 399 xvul.

634 505 731 552 468
762 498 963 553 Exsecti
984 497 1179 548 Veneris
1192 495 1429 558 stimulos]
1460 494 1630 546 Effee-
1702 493 1912 556 conspice
1925 511 1943 542 .·
1978 499 2085 542 tres
2111 491 2411 556 circumspice
2427 509 2444 542 .-
2464 490 2614 542 .alter
2651 489 2772 543 Μο·

572 583 680 628 tum
726 575 937 639 quidem
977 580 1141 635 certe,
1177 571 1271 620 sed
1310 585 1632 635 nequaquam
1703 573 1809 622 reti
1845 573 2065 628 conside,-
2105 571 2242 636 quod
2281 570 2488 633 placet:
2532 575 2590 617 ut
2629 568 2772 617 bello

570 651 821 702 stimulos.
874 648 1013 698 Vide
1056 647 1123 698 ud
1146 661 1278 718 vers.
1301 651 1379 697 87.
1401 647 1502 699 lib.
1524 661 1630 710 seq.

575 727 753 778 Barth.

638 804 737 850 469
772 799 939 847 Mixta
960 799 1134 860 duplex
1154 796 1296 858 cetus]
1334 795 1436 844 Hic
1460 794 1636 843 distin-

554 874 870 942 ‘guendumz
922 872 1110 921 deinde
1149 873 1219 920 nil
1270 873 1477 920 medium
1516 885 1636 921 con-

568 953 731 1018 junge
750 965 901 1000 eum.
882 951 950 1010 τῷ
963 952 1089 997 mter
1092 962 1377 1010 ,juvenesque
1392 959 1638 1008 senesque,-

560 1027 719 1077 inter
736 1041 895 1084 senes
906 1026 1039 1074 enim
1056 1024 1379 1086 juvenesque
1395 1020 1550 1070 medii
1572 1021 1642 1068 vi-

580 1101 649 1154 ri:
686 1103 905 1152 eunuchi
922 1107 1094 1150 autem
1111 1116 1209 1150 viri
1224 1114 1323 1148 non
1340 1106 1475 1148 sunt
1515 1097 1641 1146 Vul-

582 1186 704 1244 gata
724 1179 989 1230 distinctio
1014 1179 1091 1228 Cl.
1114 1177 1385 1226 Barthium
1414 1174 1641 1237 decepit.

586 1257 657 1308 D.
683 1255 853 1307 Heius.

648 1337 745 1384 470
781 1333 873 1382 Nil
892 1331 1123 1394 medium]
1149 1325 1507 1380 Eruditissime
1536 1325 1646 1376 dic-

585 1416 717 1462 tum.
784 1409 1009 1460 Omnino
1030 1409 1167 1460 enim
1182 1422 1280 1459 nee
1299 1407 1379 1455 vir
1395 1411 1528 1467 erat,
1550 1418 1648 1452 nec

585 1502 732 1554 puer,
779 1501 875 1536 nec
938 1494 1113 1534 tamen
1172 1484 1447 1548 quicquam
1490 1481 1649 1531 etiam

572 1561 829 1628 medium,
870 1577 987 1612 eum
1025 1575 1130 1610 non
1172 1560 1242 1610 sit
1283 1559 1389 1609 tale
1436 1557 1648 1621 aliquid.

588 1639 767 1689 Barth.

577 1768 583 1776 ί
656 1717 751 1764 474
784 1710 1003 1773 Pilenta]
1038 1711 1233 1759 Currus
1252 1708 1436 1773 quibus
1456 1721 1550 1770 per
1569 1721 1651 1756 ur-

589 1788 708 1837 bem
718 1792 987 1848 matronae,
998 1784 1493 1847 Sacerdotes,Novae
1507 1784 1654 1846 Nup-

576 1870 685 1932 ‚tae,
706 1865 804 1912 διο.
828 1857 1161 1910 vehebantur.
1195 1861 1347 1910 Idem.

657 1943 752 1988 475
788 1939 900 1987 Neu
936 1953 1176 1987 numerem
1212 1936 1426 2001 quantis]
1482 1935 1655 1986 Inter-

596 2027 768 2078 punge
822 2014 921 2063 hoe
974 2014 1153 2062 modo:
1226 2013 1337 2072 Νειι
1388 2027 1624 2060 numerem
1636 2029 1657 2070 ,-

595 2091 787 2154 quuntis
810 2090 985 2156 injuria
1015 2091 1143 2138 mille
1172 2105 1261 2153 per
1294 2103 1439 2137 annos
1474 2087 1564 2138 Fit
1582 2102 1658 2136 re-

596 2171 672 2216 tro
693 2165 920 2215 ducibus!
967 2165 1175 2214 Deinde
1192 2165 1408 2225 ειιὸειιιιί,
1430 2178 1535 2212 non
1553 2162 1660 2212 sub-

599 2247 709 2294 eunt
750 2241 967 2304 scripti.
954 2257 965 2270 ·
1014 2255 1134 2290 mox
1164 2239 1408 2288 Arinthaei
1428 2238 1596 2298 fastus
1631 2252 1662 2285 a

599 2316 921 2368 Claverianis
946 2315 1093 2364 libris
1128 2322 1223 2364 est.
1290 2315 1473 2364 Nostri
1484 2313 1660 2373 fastos

602 2398 799 2458 praeter
822 2390 1179 2454 Gyrnldinum,
1212 2405 1315 2440 see.
1346 2390 1663 2456 Mediceum‚

595 2464 791 2520 Patav.
812 2475 868 2518 et
890 2469 1019 2517 alios
1043 2469 1169 2516 duos
1192 2473 1281 2516 aut
1307 2473 1433 2526 tres,
1458 2469 1544 2533 qui
1556 2467 1665 2529 sus-

603 2551 683 2596 tus
697 2561 812 2594 cum
832 2545 1015 2609 priscis
1032 2543 1342 2594 editionibus
1362 2547 1665 2606 agnoscunt.

604 2621 759 2673 Infra
781 2637 853 2673 vs.
876 2623 1044 2679 489.ι
1070 2619 1311 2681 contagia
1332 2617 1555 2675 fastibus
1578 2633 1667 2688 ogo

604 2697 869 2746 Defendas
908 2699 1097 2758 ignava
1152 2695 1289 2758 tuis}
1346 2710 1463 2746 cum
1502 2696 1670 2746 veteri

608 2772 759 2826 libro.
796 2774 869 2822 D.
894 2774 1068 2822 Heius.

671 2852 769 2900 477
808 2847 1063 2910 Canities]
1099 2848 1145 2895 V
1149 2847 1413 2900 enerandn
1448 2847 1672 2911 antiqui-

610 2929 709 2974 tati.
742 2923 921 2974 Barth.

678 3007 775 3056 47,8
809 3004 1051 3052 Arinthe-’i
1062 3003 1247 3066 fustus]
1282 3003 1398 3054 Hoc
1422 3008 1522 3064 est,
1540 3002 1673 3050 Con·-

614 3079 810 3128 sulares
832 3077 1007 3128 fastos.
1073 3081 1209 3131 Nam
1244 3079 1541 3128 Arinthaeus
1576 3079 1674 3126 iste

616 3155 809 3211 Consul
843 3154 963 3218 fuit,
998 3157 1085 3221 qui
1124 3141 1263 3205 idem
1301 3157 1355 3205 in
1391 3157 1676 3220 Juventute

615 3245 819 3280 servum
832 3231 1015 3283 habuit
1028 3234 1353 3298 Eutropium.
1378 3231 1677 3284 Arinthaeus

615 3307 718 3356 iste
742 3306 1077 3368 Consulatum
1098 3309 1259 3370 gessit
1278 3323 1395 3358 cnm
1416 3308 1679 3369 Modesto,

614 3380 711 3429 sub
743 3382 1127 3443 Valentiniano,
1167 3390 1225 3430 ut
1259 3383 1587 3438 Cassiodorus
1625 3389 1681 3431 et

568 3495 572 3500 .
620 3455 708 3504 alii
750 3461 1021 3509 testantur.
1074 3458 1250 3510 Quare
1290 3447 1564 3522 perspicua
1602 3464 1682 3506 est

620 3530 899 3592 sententia,
918 3547 1033 3581 cum
1057 3532 1130 3584 ait
1150 3549 1163 3588 ;
1197 3533 1211 3560 ‘
1233 3532 1543 3596 dominoque
1560 3547 1681 3581 suos

621 3604 831 3667 aequalis
852 3604 1071 3654 honores
1093 3606 1332 3658 Inseret.’
1371 3609 1519 3662 Idem.

688 3683 785 3728 482
823 3680 900 3726 En
916 3680 1097 3742 patior]
1131 3681 1247 3730 Non
1273 3683 1362 3743 Et,
1386 3690 1590 3746 septem
1623 3683 1683 3730 li-

622 3753 722 3804 bri.
790 3754 897 3802 Pro
922 3756 1109 3806 Pelloeis
1130 3759 1368 3820 sequenti
1403 3772 1551 3806 versu
1584 3759 1686 3806 Ru-

621 3829 765 3879 benii
785 3835 839 3878 et
862 3830 1135 3892 Pomponii
1166 3833 1299 3882 Laeti
1321 3839 1569 3896 excerpta
1589 3833 1684 3884 Lu-

620 3905 743 3969 geis.
778 3912 1055 3970 utrumque
1076 3909 1308 3970 probum.
1343 3910 1413 3957 D.
1440 3909 1640 3958 Heius.‘

690 3985 786 4032 483
826 3983 1043 4030 Consulis
1064 3983 1223 4045 unius]
1262 3984 1515 4047 Pompeii.
1549 3985 1686 4034 Vide

628 4061 913 4120 Lucanum,
938 4059 970 4106 l.
996 4071 1117 4106 vm.
1159 4059 1346 4116 Barth„

692 4135 791 4182 484
844 4133 1043 4182 Privata
1086 4134 1349 4196 movebunt]
1408 4127 1690 4184 Moe-ebant.-

631 4207 823 4280 deinde
862 4223 959 4274 pro
986 4208 1200 4274 prospice
1238 4209 1533 4274 quindecim
1568 4209 1692 4262 libri

1707 649 1880 698 Getic.
1915 649 1930 674 ‘
1949 647 2244 697 Consulitur
2263 647 2402 708 dum,
2419 647 2600 707 Roma,
2621 643 2754 694 tibi.
2738 642 2773 670 ·'

1709 730 1764 773 et
1783 725 1874 772 hb
1894 737 1959 774 ιι.
1980 724 2050 772 de
2070 722 2209 774 laud.
2229 721 2430 770 Stilich.
2449 721 2464 747 ‘
2489 721 2598 770 liaec
2618 720 2774 782 longe

1710 802 1821 850 sola
1842 785 2054 851 remotis
2071 797 2341 848 Consulit?
2397 797 2578 845 Vestrae
2593 795 2778 854 etiam,

1711 891 1812 926 non
1843 882 2034 936 metm,
2055 873 2337 923 Lucensis:
2375 885 2578 934 sequor.
2643 869 2778 918 Mox

1701 958 1871 1004 averte
1907 967 2001 1014 pro
2039 951 2230 998 adterte
2274 947 2548 1010 legendnm
2590 944 2780 1008 scripti

1714 1028 1954 1078 meliores
1966 1033 2207 1076 mouent:
2234 1024 2368 1072 bello
2386 1022 2528 1072 Gild.
2548 1023 2563 1050 ‘
2584 1021 2782 1070 Civiles

1717 1106 1920 1154 abolete
1961 1108 2106 1150 notas
2123 1100 2152 1150 :'
2212 1100 2346 1150 bello
2387 1099 2508 1147 Get.
2543 1098 2558 1124 ‘
2583 1095 2784 1146 obsessi

1717 1179 1970 1242 principis
2011 1177 2165 1240 ermis
2200 1177 2462 1224 Excusate
2503 1171 2782 1222 nefande-

1717 1256 2078 1319 ploratumque
2115 1253 2324 1300 Timavo
2347 1251 2565 1310 Vulnus,
2600 1254 2656 1296 et
2692 1246 2787 1297 Ai-

1720 1331 1898 1394 pinum
1917 1329 2100 1392 gladiis
2123 1328 2328 1376 abolete
2353 1324 2638 1389 pudorem!
2672 1325 2787 1374 De-

1721 1408 1877 1469 nique
1900 1405 2069 1468 aspicit
2091 1397 2186 1467 pro
2207 1403 2379 1465 accipit
2401 1402 2502 1450 duo
2538 1400 2789 1450 Pulmau-

1723 1482 1860 1532 niani
1883 1490 1938 1534 et
1961 1488 2161 1544 septem
2185 1495 2252 1528 ex
2271 1479 2458 1528 nostris
2479 1492 2596 1528 eum
2618 1477 2790 1540 primo

1725 1557 1998 1606 Vaticano.
2038 1558 2113 1605 D.
2141 1557 2315 1618 Heius.

1789 1638 1884 1682 485
1943 1635 2134 1682 Nostroe
2171 1631 2367 1693 caussae]
2423 1631 2604 1690 Omnis
2647 1628 2790 1680 enim

1729 1711 1959 1760 Romana
1979 1710 2227 1772 majestas
2247 1708 2470 1757 vertitur
2493 1707 2546 1754 in
2565 1707 2664 1756 hoc
2680 1713 2792 1754 ’tam

1729 1784 2044 1849 propudioso
2066 1783 2313 1852 facinore.
2349 1783 2528 1832 Barth.

1792 1865 1891 1910 486
1925 1862 2130 1924 Regales
2149 1860 2307 1923 notas]
2351 1859 2598 1908 Dedecus
2618 1860 2797 1922 Impe-

1731 1938 1919 1988 ratoris
1943 1937 2178 2001 Arcadii,
2199 1939 2344 1999 cujus
2367 1937 2486 1988 aula
2509 1943 2566 1986 et
2589 1937 2796 1984 univer-

1719 2029 1842 2064 sum
1858 2013 2144 2078 Imperium
2166 2012 2560 2075 Orientis-regit
2581 2013 2698 2074 iste,
2718 2011 2799 2060 in-

1734 2091 1866 2155 quit,
1888 2089 2114 2139 eviratus
2138 2087 2372 2139 furcifer.
2395 2141 2405 2150 ,

1797 2167 1987 2232 Accipit
2010 2181 2156 2216 unum
2181 2166 2331 2229 Aula]
2381 2165 2628 2216 Consules
2658 2164 2801 2214 enim

1735 2241 1867 2292 fiunt
1889 2242 2214 2308 quandoque,
2243 2241 2336 2302 ait,
2371 2240 2658 2302 Prineipes.
2725 2241 2802 2290 Et

1739 2334 1861 2368 sane
1884 2317 1986 2368 fuit
2016 2319 2171 2367 etiam
2207 2319 2262 2367 in
2293 2316 2370 2368 bis
2399 2317 2530 2366 mira
2550 2316 2801 2368 Domino-

1733 2411 1853 2452 rum
1875 2395 2106 2444 ambitio.
2138 2393 2316 2449 Barth.

1805 2476 1902 2524 488
1935 2472 1996 2520 In
2025 2471 2203 2520 crimen
2223 2469 2440 2520 euntibus
2463 2467 2626 2531 annis]
2674 2467 2804 2518 Om-

1732 2565 1833 2604 nes
1856 2548 1990 2602 enim
2011 2547 2404 2598 maculabantur
2433 2548 2530 2597 hoe
2555 2551 2658 2602 tam
2684 2559 2806 2606 pro-

1743 2626 1961 2689 pudioso
2004 2623 2262 2687 exemplo,
2305 2622 2410 2680 ⁴nisi
2464 2628 2523 2670 tu
2574 2619 2809 2669 succidas

1743 2701 2044 2765 perniciem.
2079 2701 2228 2754 Idem.
2349 2737 2356 2747 .

1808 2782 1906 2834 489
1943 2775 2202 2838 Contagia]
2254 2775 2398 2836 Num¹
2411 2779 2466 2826 et
2488 2773 2576 2822 alii
2596 2773 2694 2820 hoc
2719 2785 2807 2834 ge-

1745 2869 1841 2904 nus
1871 2852 2070 2916 egregii
2102 2850 2352 2902 Consules
2383 2849 2597 2912 cupient
2628 2846 2808 2894 venire

1746 2933 1798 2982 in
1818 2932 1994 2980 titulos
2017 2944 2282 2980 annorum.
2317 2928 2469 2978 Idem.

1744 3053 1750 3058 .
1817 3007 2054 3068 Coniugia
2080 3005 2297 3065 fascibus
2327 3003 2430 3065 oro]
2478 3002 2680 3052 Thulen.
2703 2999 2812 3060 fab

1748 3085 1903 3138 ἠόα-ς.-
1955 3083 2210 3148 quomodo
2271 3083 2393 3132 olim
2465 3081 2812 3144 conjeceram.

1751 3161 1836 3210 Sic
1873 3162 1888 3188 ‘
1913 3160 2082 3210 labem
2119 3158 2284 3208 fastis'
2325 3159 2612 3208 Varronem
2657 3163 2814 3206 vocat

1751 3235 1920 3286 Silius.
1963 3236 2032 3283 D.
2064 3234 2230 3284 Heius.
2295 3273 2302 3280 .
2748 3227 2756 3232 ”

1817 3315 1913 3359 490
1949 3308 2212 3370 Defendas]
2249 3307 2460 3356 Arcens.
2505 3305 2684 3355 Barth.
2791 3327 2800 3341 v

1825 3385 2024 3438 Tradita
2045 3383 2180 3436 libris
2206 3381 2400 3444 Omina]
2441 3383 2584 3445 Lege
2606 3381 2818 3442 Nomina

1757 3474 1872 3510 cum
1896 3458 2056 3522 priori
2075 3457 2338 3518 Leideusi,
2359 3464 2414 3507 et
2437 3459 2663 3522 quinque
2680 3458 2820 3507 aliis:

1757 3536 1862 3589 duo
1905 3534 2144 3588 Homina:
2177 3535 2267 3584 alii
2308 3535 2499 3584 Omnia.
2567 3534 2819 3584 Consules

1759 3625 1888 3659 anno
1921 3625 2110 3659 nomen
2131 3610 2336 3660 dedisse
2362 3609 2498 3672 quod
2520 3607 2666 3659 fastis
2684 3609 2820 3659 inse-

1759 3692 1980 3746 reretur,
2001 3687 2114 3748 quis
2139 3685 2339 3734 nescit?
2373 3683 2508 3734 infra
2532 3684 2564 3732 l.
2585 3697 2648 3733 ιι.
2679 3685 2694 3710 ‘
2715 3682 2823 3732 Ab.

1758 3761 1866 3809 lato
1891 3762 2093 3822 penitus
2131 3760 2387 3824 respirant
2424 3760 2626 3808 nomine
2663 3757 2822 3810 fasti!

1759 3850 1836 3886 ιν.
1870 3837 2022 3892 Cons.
2045 3837 2186 3887 Hon.
2217 3838 2234 3866 ‘
2259 3837 2440 3900 Signas
2473 3836 2642 3898 posito
2665 3835 2822 3884 modo

1759 3911 1966 3963 nomine
2002 3909 2198 3958 fastos!
2264 3911 2458 3958 Lucan.
2495 3923 2554 3958 ιι.
2588 3912 2603 3936 ‘
2631 3907 2704 3958 At
2726 3923 2822 3958 vos

1762 3987 1850 4049 qui
1891 3985 2064 4033 Latios
2115 3985 2331 4047 signatis
2380 3984 2584 4032 nomine
2624 3982 2826 4034 fastos?

1762 4061 1878 4110 Lib.
1913 4075 1966 4109 v.
2017 4064 2032 4088 ί
2060 4059 2400 4124 Instabatque
2436 4059 2565 4121 dies,
2603 4061 2690 4124 qui
2733 4059 2827 4108 dat

1763 4152 1895 4187 nova
1915 4138 2121 4186 nomina
2144 4135 2325 4187 fastis?
2395 4135 2550 4184 Plura
2585 4134 2826 4196 exemplu

1764 4227 2046 4277 congerere
2087 4227 2189 4264 non
2232 4211 2372 4264 foret
2393 4209 2658 4268 ,ai-duum:
2705 4223 2830 4262 mox
