3167 4984
572 363 749 432 1ω4
865 381 1081 430 No'rAE
1126 378 1525 428 vAmoRuM
1574 379 1654 426 ni
1703 379 1814 425 οι.
1861 377 2140 428 οιΑυι).
2187 377 2476 428 xxvm.

640 521 738 570 414
769 516 999 568 Lwime
1038 517 1287 580 timebant]

1358 516 1637 568 Restabant

576 601 691 660 opt.
713 593 947 643 Ambros.
982 594 1051 644 D.
1076 593 1249 642 Heius.
1454 607 1461 610 ·

1711 519 1727 546 ‘
1753 518 1931 581 thue
1971 517 2118 568 favet
2167 531 2394 580 somnus,
2447 514 2768 582 plaudebant

1711 593 1918 643 numina
1971 591 2143 656 dictis,
2180 595 2252 642 Et
2293 592 2589 644 circumfusi
2626 603 2772 644 sacra

616 674 737 721 ,415
774 671 846 718 Et
891 667 1058 730 Indus]
1120 667 1336 731 Aliquot
1390 681 1638 716 annorum
1713 683 1900 718 corona
1921 669 2101 719 chori!
2150 670 2257 718 Pro
2275 669 2359 718 sub
2380 673 2534 720 mente
2553 671 2774 724 Lucens.

574 744 762 796 itinere
808 744 951 792 venit
1002 743 1393 792 venerabundus
1438 744 1642 806 Augus·
1717 753 1772 794 et
1796 745 2069 795 duodecim
2103 747 2210 804 alii,
2252 750 2339 802 ut,-
2371 733 2570 808 probe:
2617 745 2777 809 prim.

582 827 715 872 tum.
779 822 978 880 Florus,
998 835 1073 870 lv.
1097 825 1176 872 12.
1216 821 1395 871 Barth.
1715 822 1836 870 Vat.
1877 837 1969 880 su,-
2009 830 2062 870 et
2101 821 2302 870 emend.
2335 821 2436 870 sub.
2473 820 2622 869 Idem
2658 832 2778 869 cum

648 900 745 947 417
778 896 955 946 Mutua
990 895 1163 957 virtus]
1220 897 1323 948 Qui
1368 897 1505 944 enim
1542 895 1646 944 vir·
1719 896 1830 944 aliis
1866 897 2123 945 nonnullis
2162 897 2393 960 priorum,
2422 910 2520 944 non
2549 896 2780 959 priorem

582 971 689 1022 tuti
710 970 975 1034 studebat,
1007 971 1255 1020 honorem
1279 985 1491 1034 sperare
1515 985 1648 1034 prse-
1719 971 1791 1020 D.
1809 971 1998 1020 Heius.

580 1047 746 1098 mium
769 1053 992 1110 poterat.
1048 1046 1152 1098 Qui
1196 1047 1245 1096 ei
1280 1047 1331 1096 in
1357 1047 1510 1095 alium
1534 1060 1648 1094 sen·
1786 1045 1896 1094 Hoc
1914 1046 2056 1110 civis]
2076 1046 2308 1097 Romana
2329 1048 2606 1111 majestate
2623 1047 2781 1097 etiam

588 1122 759 1175 tentia
797 1137 891 1171 sua
912 1120 1229 1172 conferundo
1256 1119 1523 1183 adfuisset,
1560 1135 1648 1182 pa·
1723 1123 2020 1186 Principem
2073 1124 2278 1174 civitati
2346 1125 2490 1174 velut
2549 1123 2784 1187 subjicit.

590 1212 705 1250 rem
742 1199 807 1248 ab
846 1198 1029 1248 eodem
1064 1204 1364 1262 exspectare
1406 1196 1649 1246 habebat.
1723 1200 1902 1250 Barth.

588 1275 677 1326 stc
694 1280 807 1323 erat
830 1275 1078 1323 virtutum
1118 1273 1355 1337 quaedam
1384 1271 1654 1332 series,·lu·
1789 1281 1884 1325 425
1907 1275 2072 1339 Duce]
2095 1277 2375 1340 Utriusque
2390 1274 2608 1325 militiae.
2631 1275 2788 1323 Idem.

592 1349 827 1414 beneque
851 1348 1057 1400 favebat
1079 1349 1297 1414 quisque
1322 1349 1495 1408 alteri,
1516 1348 1658 1398 intra
1790 1355 1889 1400 426
1924 1352 2172 1416 Orantem]
2227 1351 2428 1401 Orabat
2465 1353 2600 1401 enim
2633 1350 2789 1400 simul

587 1425 965 1474 conscientiam
1011 1438 1156 1474 suam
1200 1423 1480 1480 eorundem
1524 1437 1655 1486 prae-
1730 1432 1786 1476 et
1803 1427 2096 1490 perorabat.
2131 1428 2280 1477 Idem.

590 1500 813 1552 miorum
832 1502 1175 1564 praestolator.
1209 1500 1359 1548 Idem.
1384 1527 1392 1535 ἡ
1794 1507 1892 1552 428
1929 1504 1975 1551 Ο
2010 1505 2140 1565 Dea,
2169 1518 2254 1552 neo
2273 1505 2428 1564 legum
2448 1501 2616 1564 Μή]
2649 1502 2794 1564 Ergo

661 1579 759 1626 418
792 1575 999 1637 Nomen]
1033 1575 1387 1635 Consulatum,
1408 1587 1659 1622 summum
1734 1580 1899 1626 Roma
1920 1579 2092 1640 legum
2109 1585 2294 1640 mater,
2309 1590 2409 1626 non
2429 1575 2795 1625 Constantino·

598 1656 711 1702 tum
730 1651 1099 1713 magistratum,
1118 1647 1259 1700 dicit.
1295 1651 1445 1699 Idem.
1735 1653 1884 1717 polis,
1907 1667 2019 1716 quae.
2044 1649 2217 1715 potius
2235 1653 2494 1702 Noverca.
2539 1652 2730 1714 Clam.

594 1747 605 1768 e
666 1730 765 1775 420
796 1725 953 1788 Εἱὲα]
988 1723 1036 1771 Α
1068 1724 1244 1772 Nerva
1284 1723 1439 1772 AElios
1462 1737 1516 1771 se
1539 1736 1666 1770 nun·
1806 1730 2066 1778 occurrere
2081 1729 2250 1792 matri]
2300 1717 2566 1777 Secundus
2588 1725 2804 1774 Vatica-

599 1800 870 1864 cnpabant
881 1799 1149 1848 Antonini.
1185 1800 1297 1861 Ego
1314 1805 1487 1848 tamen
1510 1796 1666 1846 Adri·
1737 1819 1832 1854 nus
1865 1804 2048 1852 obstare
2087 1804 2292 1866 parenti,
2353 1803 2484 1852 Mox
2506 1803 2712 1850 «χωρας,
2729 1815 2803 1849 30.

604 1891 703 1926 ano
724 1873 1071 1924 laudatissImo
1103 1874 1415 1937 Imperatori
1450 1872 1499 1921 id
1524 1872 1669 1941 debi-
1740 1895 1874 1929 cum
1895 1894 1994 1928 non
2015 1881 2195 1928 canda
2213 1877 2435 1942 quinque
2452 1882 2677 1926 veteres.
2729 1875 2804 1927 D.

608 1959 721 2003 tum
771 1963 956 2000 nomen
1020 1949 1191 2012 potius
1254 1955 1533 2010 autumem,
1578 1949 1668 2012 qui

610 2041 675 2076 eo
714 2024 859 2076 velut
902 2024 1115 2088 proprio
1159 2024 1331 2072 Urbes
1376 2037 1670 2073 monumen-

608 2109 769 2164 taque
786 2101 933 2149 v-aria
946 2099 1241 2161 complevit.
1278 2099 1427 2148 Idem.

676 2181 772 2226 421
812 2175 1159 2238 (tranquillique
1195 2174 1308 2236 Pii]
1362 2175 1567 2238 Lipsius
1607 2174 1672 2222 ad

614 2251 996 2314 Panegyricum
1060 2248 1237 2312 Plinii,
1292 2249 1677 2311 Tranquillique,

610 2328 732 2378 Pii.-
765 2326 857 2376 sed
880 2339 1173 2388 perperam,
1190 2325 1327 2388 quod
1358 2331 1414 2374 et
1435 2325 1678 2373 Barthins

617 2402 767 2452 vidit.
832 2400 1001 2450 Paulo
1042 2405 1163 2450 ante
1196 2413 1289 2461 pro
1328 2404 1494 2448 mutua
1528 2401 1682 2448 virtus

621 2485 726 2527 tres
750 2476 951 2540 scripti,
964 2476 1151 2526 nuncia.
1188 2476 1345 2525 Forte
1362 2475 1501 2524 unica
1514 2475 1681 2524 virtus.

620 2554 693 2604 D.
718 2552 898 2602 Heins.

610 2661 617 2667 ·
692 2629 1039 2692 Ranqnillique
1071 2627 1181 2690 Pii]
1221 2627 1345 2676 Pios
1383 2627 1532 2689 dicit,
1564 2626 1686 2690 quia

614 2712 683 2757 et
701 2707 887 2755 Marco
908 2704 963 2752 id
986 2717 1267 2767 cognomen
1286 2702 1407 2764 fuit,
1420 2709 1484 2752 ut
1503 2707 1687 2764 aperte

620 2779 819 2832 nummi
832 2779 1082 2840 indicant,
1102 2779 1205 2827 imo
1220 2777 1375 2826 etiam
1390 2776 1690 2838 Commodo,

624 2855 1017 2919 Pertinacique,
1034 2853 1216 2903 iisdem
1238 2853 1551 2902 auctoribus.
1574 2853 1690 2900 Pri-

620 2933 881 2984 miautem
896 2930 981 2978 Pii
998 2929 1347 2994 tranquillitas
1364 2941 1561 2976 summa
1569 2926 1692 2990 fuit,

628 3008 719 3072 qui
740 3005 972 3056 miranda
986 3005 1258 3068 majestate
1272 3004 1384 3053 siue
1400 3003 1539 3053 bello
1556 3004 1694 3054 rexit

627 3081 930 3147 Imperium.
972 3081 1097 3129 Vise
1142 3079 1429 3138 Victorem,
1472 3078 1696 3128 Victori-

618 3171 771 3219 num,
793 3156 937 3206 alios.
1536 3189 1547 3192 -

696 3233 1049 3295 Bellum-esque
1072 3231 1261 3293 Severi]
1318 3230 1558 3280 Aurelius
1575 3229 1694 3279 Vic-

633 3314 747 3360 tor:
781 3307 1059 3368 ‘Severus,
1098 3304 1223 3352 felix
1258 3319 1320 3354 ac
1354 3305 1695 3368 prudens‚-ar-

632 3384 730 3432 mis
748 3381 1031 3446 praecipue,
1055 3379 1184 3428 adeo
1208 3385 1269 3428 ut
1290 3380 1432 3428 nullo
1454 3393 1698 3442 congres-

636 3471 699 3507 su
719 3457 823 3506 ‚nisi
842 3456 1027 3510 Victor
1048 3453 1381 3503 discesserit?
1416 3455 1596 3504 Barth.

702 3535 801 3581 422
836 3531 939 3580 Hic
954 3529 1096 3591 civis]
1116 3529 1225 3577 Hoc
1245 3529 1441 3591 Scripti
1461 3529 1698 3593 plerique

638 3611 696 3657 et
716 3605 975 3655 Barthius.
1008 3605 1157 3654 Hune
1172 3603 1363 3652 chorum
1396 3603 1493 3666 pri.
1522 3604 1699 3653 Vatic.

632 3681 957 3742 -Oiselianus,
992 3684 1049 3726 et
1086 3691 1181 3741 pro
1232 3678 1439 3728 diversa
1476 3681 1702 3729 lectione

642 3758 973 3816 Pricaeanu83
1006 3772 1162 3806 vere:
1204 3757 1393 3805 chorum
1416 3763 1573 3806 vocat
1593 3758 1706 3806 Cae-

642 3846 784 3884 sares
810 3833 963 3895 paulo
995 3839 1118 3880 ante
1140 3832 1441 3881 nominatos.
1508 3833 1594 3880 Ne
1617 3831 1704 3879 de-

637 3911 877 3975 dignare,
903 3909 1091 3972 inquit,
1109 3909 1300 3958 imitari
1321 3909 1455 3958 hunc
1478 3910 1706 3958 chorum.

636 3989 733 4040 -Sic
766 3985 1007 4050 Epistola
1040 3984 1106 4032 ad
1138 3985 1414 4034 Serenam:
1448 3987 1465 4014 ‘
1488 3999 1571 4034 me
1584 3987 1707 4049 jun·

641 4069 803 4128 >geret
814 4073 1009 4124 auspex
1022 4061 1279 4122 Purpura,
1298 4075 1381 4108 me
1392 4069 1581 4111 sancto
1605 4062 1710 4110 cin-

644 4142 803 4200 geret
826 4135 951 4184 nula
990 4135 1149 4185 choro
1170 4135 1199 4183 ε’
1249 4141 1311 4184 ut
1331 4135 1436 4184 illic
1458 4137 1735 4199 castigan-¹
1781 4164 1788 4171 ·

656 4211 777 4264 dum
794 4224 811 4274 ς
836 4215 893 4262 et
913 4209 1233 4262 Praefatione
1244 4210 1337 4276 »huj
1344 4225 1403 4263 us
1419 4211 1678 4264 Poematii
1695 4227 1712 4264 ε

1745 1956 1915 2069 Ηῖἒζ
1940 2021 2056 2068 Post
2093 2017 2315 2081 Libyam]
2357 2018 2646 2080 Receptam
2663 2027 2805 2064 nem·

1747 2111 1832 2160 pe.
1867 2095 2047 2145 Barth.

1809 2176 1904 2221 431
1939 2171 2190 2234 Advecloe]
2240 2170 2514 2232 Principes
2551 2181 2676 2218 vero
2703 2166 2808 2218 Cu-

1739 2247 1944 2296 ·rulibus
1982 2246 2330 2310 peculiaribus
2367 2245 2642 2296 consulari
2665 2243 2809 2294 sclie-

1749 2329 1889 2372 mate
1910 2336 2048 2382 usos,
2065 2323 2184 2372 binc
2204 2328 2372 2386 patet.
2406 2323 2558 2372 Idem.

1815 2400 1911 2446 483
1953 2397 2156 2446 Vidistis
2175 2396 2621 2461 inillomethque]
2657 2395 2813 2445 Blan-

1753 2473 1992 2522 dimentis
2009 2473 2304 2525 intimorum
2328 2474 2627 2522 amicorum.
2661 2474 2814 2522 Idem.

1819 2552 1916 2599 434
1954 2550 2144 2612 Pietas]
2163 2550 2360 2599 Nostra
2383 2548 2640 2598 videlicet.
2662 2549 2814 2597 Idem.

1821 2630 1918 2676 437
1951 2627 2241 2692 Mundoque]
2312 2627 2522 2678 Nedum
2576 2625 2816 2676 Romano

1758 2702 2006 2766 Imperio.
2329 2719 2336 2726 ·

1825 2776 1902 2827 Ab
1923 2777 2136 2827 omnibus
2175 2778 2342 2840 unum]
2385 2778 2468 2829 Ab
2491 2791 2594 2828 uno
2631 2775 2820 2839 omnia,

1763 2854 1938 2904 dicere
1957 2856 2086 2904 vult.
2121 2855 2299 2905 Barth.

1826 2933 1923 2978 440
1955 2929 2202 2992 Spectator
2231 2932 2303 2979 vel
2322 2929 2621 2992 reassumit]
2678 2929 2820 2992 Lege

1753 3005 1838 3065 sui
1852 3019 1969 3054 eum
1986 3005 2202 3053 Bar-thio
2222 3011 2276 3054 et
2295 3006 2518 3068 scriptis.
2550 3005 2623 3054 D.
2645 3003 2820 3052 Heius.

1830 3079 2081 3142 Spectator
2097 3081 2168 3128 vel
2185 3079 2374 3141 caussa]
2395 3079 2622 3141 Elegans
2641 3075 2828 3127 transi·

1767 3157 1842 3205 tio
1873 3155 1940 3205 ad
1977 3154 2179 3204 Laudes
2207 3155 2520 3216 Stilichonis,
2555 3151 2828 3204 excusatio

1768 3231 2003 3293 Honorii‚
2027 3229 2160 3295 quod
2179 3231 2292 3293 ipse
2311 3219 2526 3279 Romam
2550 3241 2830 3278 nonvene·

1771 3306 1858 3365 rit,
1894 3306 1986 3354 sed
2029 3307 2197 3356 vicem
2231 3320 2372 3354 suam
2417 3311 2617 3354 tantum
2661 3305 2830 3353 vimm

1770 3379 1986 3431 miserit.
2051 3380 2147 3430 Ait
2189 3381 2242 3429 in
2276 3387 2556 3444 conspectu
2589 3393 2682 3429 suo
2715 3378 2831 3426 haec

1775 3471 1888 3506 esse
1925 3463 2071 3520 gesta
2123 3456 2407 3518 Honorius,
2457 3471 2572 3507 cum
2610 3453 2833 3504 tertium

1777 3537 1980 3580 tantum
2045 3531 2112 3581 ab
2174 3547 2238 3582 eo
2303 3533 2504 3582 miliare
2567 3529 2834 3581 abfuerint

1778 3611 1952 3654 castra
1986 3605 2206 3670 Alarici,-
2243 3607 2504 3656 Ravennae
2538 3619 2726 3668 nempe
2747 3604 2837 3653 de-

1781 3686 1954 3744 gente.
1985 3681 2295 3746 Jornandes,
2317 3687 2465 3733 (229.
2503 3681 2672 3732 Barth.

1841 3759 1936 3806 441
1971 3756 2292 3820 Bistoniaeque
2319 3757 2502 3820 plagoe]
2553 3755 2840 3817 Thraciam,

1781 3833 2058 3895 Graeciam,
2078 3832 2315 3895 Epirum,
2339 3833 2514 3882 multis
2527 3831 2708 3881 lustris
2725 3844 2839 3894 spo-

1781 3910 2033 3960 liaverant
2055 3908 2233 3956 Gothi.
2277 3908 2424 3958 Idem.

1846 3987 1944 4032 442
1977 3984 2164 4046 Raptus
2214 3983 2384 4046 Alpes]
2445 3984 2515 4031 vi
2576 3980 2839 4032 transitus.

1785 4059 1937 4108 Idem.

1849 4136 1946 4182 444
1981 4133 2117 4188 Quod
2133 4133 2374 4194 gentibus·
2388 4133 2490 4184 ilus
2520 4133 2726 4194 Rigore
2743 4147 2848 4182 cou-

1760 4207 1955 4274 Ἱππία]
2006 4208 2172 4261 Prim.
2213 4209 2389 4263 vatic.
2429 4213 2489 4260 et
2532 4208 2846 4272 Oiselianus,
