3167 4984
681 445 765 495 m
813 439 1344 493 meum-uncis
1393 439 1648 492 nair-r.
1696 435 2338 490 Assnuvmonun.
2427 421 2604 490 17⁷3

382 583 566 678 legio
617 591 1095 659 Greshamensi
1143 587 1328 676 apud
1377 588 1860 664 LondinenseS.
1948 588 2077 654 Isti
2119 587 2430 668 Codices,
2480 607 2604 656 nu-

391 711 579 761 mero
609 714 817 778 quam
845 691 1138 778 plurimi,
1182 710 1470 775 quorum
1514 690 1709 756 multi
1753 689 2032 775 pretiosi
2073 694 2141 754 et
2177 690 2477 768 classici.
2509 692 2600 758 ab

388 795 523 862 hoc
562 795 844 861 cimelio
871 795 1077 876 longo
1110 794 1258 879 jam
1298 799 1620 878 tempore,
1649 798 1726 857 ut
1768 791 1918 874 jam
1948 791 2310 857 indicatum
2335 798 2459 872 est,
2503 812 2606 858 se-

386 897 628 988 juncti,
664 897 853 961 libris
881 900 1137 960 tantum
1179 895 1535 980 impressis
1580 893 1830 959 ibidem
1872 895 2260 973 reservatis,
2313 894 2382 959 in
2412 893 2605 960 Mus-

390 1019 479 1063 eo
517 997 911 1063 Britannico
964 1017 1139 1062 nunc
1168 1001 1469 1062 restant:
1534 1003 1609 1060 et
1635 995 1916 1060 eundem
1945 996 2016 1060 in
2065 1014 2192 1061 suo
2241 996 2398 1062 loco
2443 995 2606 1062 inter

322 1101 331 1108 '
394 1097 621 1165 Musei
652 1098 1023 1165 Britannici
1055 1095 1347 1163 Codices
1380 1115 1589 1180 supra
1617 1095 2115 1181 descripsimus.

1164 1307 1375 1376 Codex
1414 1307 1847 1396 Vigorniensis.
1877 1261 1894 1276 ο

454 1476 909 1546 ‘Bibliotheca
938 1475 1263 1543 Ecclesiae
1310 1476 1737 1543 cathedralis
1767 1473 1947 1562 apud
1973 1474 2446 1560 Vigomienses
2475 1475 2612 1544 Co-

397 1581 621 1646 dicem
649 1581 997 1665 antiquum
1025 1587 1225 1657 tenet,
1254 1582 1395 1666 qui,
1427 1600 1576 1646 cum
1625 1580 1800 1656 aliis,
1850 1579 2060 1643 multa
2098 1577 2384 1662 classica
2427 1597 2610 1644 com-

396 1683 733 1766 plectitur,
762 1683 937 1746 inter
973 1702 1129 1766 quae
1163 1682 1519 1748 Claudiani
1566 1701 1843 1747 carmen
1892 1678 2244 1766 memorari
2285 1679 2484 1744 debet
2526 1681 2611 1746 de

398 1781 637 1868 Rapta
674 1785 1119 1869 Proserpinae,
1150 1791 1218 1851 et
1242 1790 1602 1870 propterea
1644 1785 1752 1849 hic
1799 1781 1933 1847 loci
1983 1783 2225 1848 iterum
2272 1781 2614 1850 notandus

396 1891 505 1954 est
528 1887 751 1954 codex
775 1908 797 1970 ς
840 1887 1099 1973 quippe
1124 1887 1409 1954 eundem
1437 1886 1726 1953 antebac
1749 1884 2214 1953 indicavimus.

492 2381 844 2448 Hactenus
876 2379 960 2447 de
999 2379 1352 2446 Claudiani
1382 2378 1752 2446 Codicibus
1781 2381 1850 2444 in
1877 2378 2318 2447 Bibliothecis
2347 2381 2614 2452 Britan-

398 2483 616 2551 nicis:
684 2483 967 2548 lectores
1020 2489 1241 2547 autem
1288 2501 1557 2549 oramus
1586 2482 1658 2545 in
1705 2481 2022 2547 memoria
2059 2488 2280 2548 tenere
2311 2485 2516 2569 quod,
2541 2485 2616 2550 ni

407 2585 717 2663 fallimur,
768 2603 885 2649 eos
905 2585 1051 2669 jam
1083 2585 1239 2649 olim
1287 2587 1822 2663 submonuimus,
1850 2603 2089 2668 nempe
2117 2587 2616 2652 observationes

410 2706 571 2771 quae
606 2687 927 2771 praesenti
958 2687 1068 2750 vel
1120 2685 1258 2750 alio
1311 2693 1611 2771 tempore
1657 2687 1743 2750 de
1794 2685 2161 2751 Codicibus
2211 2685 2617 2754 Britannicis

404 2788 891 2871 inquirentibus
914 2789 1163 2852 oblatae
1195 2795 1367 2866 sunt,
1412 2789 1708 2872 publicis
1737 2793 1990 2853 tantum
2018 2789 2309 2854 librariis
2339 2809 2491 2854 esse
2517 2808 2620 2854 re-

406 2888 763 2954 ferendas.-
807 2886 1083 2974 Quippe
1112 2889 1425 2974 publicae,
1455 2895 1526 2954 ut
1553 2907 1711 2972 quae
1727 2891 1905 2955 bono
1934 2889 2206 2973 publico
2235 2889 2617 2967 destinatoe,

406 2989 753 3060 doctorum
781 2992 960 3068 usui,
990 2997 1065 3056 ut
1085 3011 1259 3076 opus
1284 2993 1399 3068 sit,
1428 2997 1496 3056 et
1539 2992 1678 3056 loci
1716 2991 1828 3055 vel
1871 2991 2191 3073 temporis
2231 2992 2620 3073 opportuni-

407 3099 581 3159 tates
610 3113 687 3158 se
716 3094 1088 3178 praebeant,
1137 3096 1293 3156 sunt
1337 3089 1954 3156 accommodandae.
2045 3087 2345 3154 Privatae
2373 3091 2620 3172 privati

412 3199 564 3259 sunt
580 3196 785 3279 juris3
830 3213 959 3257 non
975 3193 1384 3276 quibuslibet
1402 3191 1738 3283 literarum
1759 3181 2131 3275 privilegiis
2149 3189 2618 3273 subjiciendae,

407 3315 552 3366 nec.
565 3295 652 3358 ad
680 3296 943 3360 libitum
972 3294 1320 3372 adeundae,
1354 3298 1474 3359 aut
1521 3299 1762 3360 temere
1821 3290 2273 3358 consulendae.
2362 3292 2438 3355 Si
2469 3292 2624 3374 quis

417 3397 619 3482 igitur
646 3397 890 3462 doctus
922 3397 1089 3461 tales
1118 3396 1229 3460 vel
1263 3396 1539 3480 legendo
1582 3396 1754 3460 norit
1795 3394 1906 3459 vel
1945 3395 2096 3478 ipse
2145 3393 2514 3477 possideat,
2541 3411 2625 3458 ne

412 3514 562 3579 nos,
591 3499 866 3577 talibuS,
900 3518 1137 3583 nempe
1166 3499 1473 3582 privatis,
1503 3499 1630 3564 sub
1657 3497 1924 3562 silentio
1955 3496 2331 3581 praeteritis,
2361 3497 2628 3561 incuset

413 3607 535 3674 aut
559 3599 975 3684 negligentiae
1006 3599 1115 3664 vel
1145 3600 1549 3682 ignorantiae.
1639 3597 1814 3676 Quae
1841 3618 1978 3664 non
2021 3600 2231 3663 nostri
2271 3599 2363 3663 sit
2409 3598 2625 3662 inves-

410 3703 640 3784 tigare,
666 3722 799 3766 non
828 3701 1049 3786 culpae
1100 3705 1204 3765 est
1242 3702 1563 3784 ignorare,
1595 3706 1660 3766 et
1706 3702 1776 3765 in
1822 3700 1910 3765 iis
1949 3699 2448 3784 perscrutandis
2471 3717 2626 3786 quae
2725 3747 2730 3752 .

420 3800 650 3868 forsan
694 3803 975 3869 inveniri
1036 3820 1171 3867 non
1220 3809 1523 3887 possunt,
1598 3789 2039 3885 imprudentis
2100 3801 2275 3867 foret
2335 3801 2628 3868 animum

409 3903 618 3970 nimis
650 3905 1012 3970 solicitare.
1106 3904 1245 3972 His
1270 3923 1427 3968 vero
1454 3904 1680 3981 dictis,
1712 3903 1810 3967 nil
1830 3947 1832 3950 >
1853 3904 2180 3986 probibet,
2213 3900 2462 3985 siquid
2485 3917 2630 3962 mo·

418 4005 625 4069 menti
656 4005 764 4069 vel
794 4008 1147 4085 curiosius,
1168 4007 1376 4071 etiam
1398 4007 1649 4089 privati
1690 4004 1891 4088 juriS,
1914 4002 2631 4090 liberalitatevirorum

421 4107 780 4176 doctorum
809 4107 1151 4191 inopinato
1180 4129 1253 4174 se
1281 4107 1479 4174 nobis
1503 4107 1757 4194 offerat,
1790 4108 2152 4196 quominus
2191 4121 2342 4172 cum
2365 4103 2634 4186 lectori-3

419 4208 553 4281 bus
580 4209 830 4278 nostris
856 4226 997 4276 rem
1024 4209 1616 4276 communicemus.
2125 4201 2138 4210 ⁴
