<?xml version="1.0" encoding="UTF-8"?>
<!DOCTYPE html PUBLIC "-//W3C//DTD XHTML 1.0 Transitional//EN"
    "http://www.w3.org/TR/xhtml1/DTD/xhtml1-transitional.dtd">
<html xmlns="http://www.w3.org/1999/xhtml" xml:lang="en" lang="en">
 <head>
  <title>
</title>
<meta http-equiv="Content-Type" content="text/html;charset=utf-8" />
  <meta name='ocr-system' content='tesseract 3.04.00' />
  <meta name='ocr-capabilities' content='ocr_page ocr_carea ocr_par ocr_line ocrx_word'/>
</head>
<body>
  <div class='ocr_page' id='page_1' title='image "./operaomnia01claugoog/operaomnia01claugoog_0014.png"; bbox 0 0 3167 4984; ppageno 0'>
   <div class='ocr_carea' id='block_1_1' title="bbox 500 388 676 457">
    <p class='ocr_par' dir='ltr' id='par_1_1' title="bbox 500 388 676 457">
     <span class='ocr_line' id='line_1_1' title="bbox 500 388 676 457; baseline 0.023 -3"><span class='ocrx_word' id='word_1_1' title='bbox 500 388 676 457; x_wconf 78' lang='lat'>1462</span> 
     </span>
    </p>
   </div>
   <div class='ocr_carea' id='block_1_2' title="bbox 469 546 1582 2887">
    <p class='ocr_par' dir='ltr' id='par_1_2' title="bbox 498 546 1565 838">
     <span class='ocr_line' id='line_1_2' title="bbox 498 546 1564 614; baseline 0.001 -17"><span class='ocrx_word' id='word_1_2' title='bbox 498 548 712 611; x_wconf 76' lang='lat' dir='ltr'><strong>meaios,</strong></span> <span class='ocrx_word' id='word_1_3' title='bbox 748 548 1043 613; x_wconf 75' lang='lat' dir='ltr'><strong>Cilicasque</strong></span> <span class='ocrx_word' id='word_1_4' title='bbox 1081 546 1238 611; x_wconf 82' lang='lat' dir='ltr'><strong>feros,</strong></span> <span class='ocrx_word' id='word_1_5' title='bbox 1265 548 1564 614; x_wconf 73' lang='lat' dir='ltr'><strong>Taurosque</strong></span> 
     </span>
     <span class='ocr_line' id='line_1_3' title="bbox 501 624 963 689; baseline 0 -13"><span class='ocrx_word' id='word_1_6' title='bbox 501 624 728 687; x_wconf 75' lang='lat' dir='ltr'><strong>subegi.’·</strong></span> <span class='ocrx_word' id='word_1_7' title='bbox 745 626 963 689; x_wconf 78' lang='lat' dir='ltr'><strong>Dempst.</strong></span> 
     </span>
     <span class='ocr_line' id='line_1_4' title="bbox 509 698 1565 766; baseline 0.002 -17"><span class='ocrx_word' id='word_1_8' title='bbox 509 718 516 735; x_wconf 71' lang='lat'>2</span> <span class='ocrx_word' id='word_1_9' title='bbox 563 704 662 749; x_wconf 88' lang='grc'><strong>222</strong></span> <span class='ocrx_word' id='word_1_10' title='bbox 685 698 868 762; x_wconf 78' lang='lat' dir='ltr'><strong>Sti-uis]</strong></span> <span class='ocrx_word' id='word_1_11' title='bbox 903 701 1142 766; x_wconf 80' lang='lat' dir='ltr'><strong>Aggeris,</strong></span> <span class='ocrx_word' id='word_1_12' title='bbox 1161 702 1284 751; x_wconf 86' lang='lat' dir='ltr'><strong>etin</strong></span> <span class='ocrx_word' id='word_1_13' title='bbox 1305 702 1565 752; x_wconf 79' lang='lat' dir='ltr'><strong>cumulum</strong></span> 
     </span>
     <span class='ocr_line' id='line_1_5' title="bbox 501 776 970 838; baseline -0.002 -11"><span class='ocrx_word' id='word_1_14' title='bbox 501 776 759 838; x_wconf 79' lang='lat' dir='ltr'><strong>congeris,</strong></span> <span class='ocrx_word' id='word_1_15' title='bbox 792 776 970 826; x_wconf 73' lang='lat' dir='ltr'><strong>Barth.</strong></span> 
     </span>
    </p>

    <p class='ocr_par' dir='ltr' id='par_1_3' title="bbox 469 850 1569 1360">
     <span class='ocr_line' id='line_1_6' title="bbox 567 850 1566 915; baseline 0.001 -14"><span class='ocrx_word' id='word_1_16' title='bbox 567 854 664 901; x_wconf 74' lang='lat'><strong>228</strong></span> <span class='ocrx_word' id='word_1_17' title='bbox 699 850 867 899; x_wconf 71' lang='lat' dir='ltr'><strong>Nubes</strong></span> <span class='ocrx_word' id='word_1_18' title='bbox 879 851 1098 915; x_wconf 74' lang='lat' dir='ltr'><strong>ducme]</strong></span> <span class='ocrx_word' id='word_1_19' title='bbox 1121 852 1420 904; x_wconf 73' lang='lat' dir='ltr'><strong>Juvenalisz</strong></span> <span class='ocrx_word' id='word_1_20' title='bbox 1457 854 1472 881; x_wconf 79' lang='lat'><em>⁶</em></span> <span class='ocrx_word' id='word_1_21' title='bbox 1491 852 1566 902; x_wconf 80' lang='lat' dir='ltr'><strong>of-</strong></span> 
     </span>
     <span class='ocr_line' id='line_1_7' title="bbox 499 924 1565 990; baseline 0.003 -15"><span class='ocrx_word' id='word_1_22' title='bbox 499 924 678 976; x_wconf 86' lang='lat' dir='ltr'><strong>ficium</strong></span> <span class='ocrx_word' id='word_1_23' title='bbox 713 927 1065 990; x_wconf 77' lang='lat' dir='ltr'><strong>peragendum</strong></span> <span class='ocrx_word' id='word_1_24' title='bbox 1085 928 1136 977; x_wconf 90' lang='lat' dir='ltr'><strong>in</strong></span> <span class='ocrx_word' id='word_1_25' title='bbox 1175 929 1307 977; x_wconf 85' lang='lat' dir='ltr'><strong>colle</strong></span> <span class='ocrx_word' id='word_1_26' title='bbox 1341 928 1565 979; x_wconf 79' lang='lat' dir='ltr'><strong>Quirini.</strong></span> 
     </span>
     <span class='ocr_line' id='line_1_8' title="bbox 505 992 1567 1067; baseline 0.001 -14"><span class='ocrx_word' id='word_1_27' title='bbox 505 1000 638 1053; x_wconf 67' lang='lat' dir='ltr'><strong>Quae</strong></span> <span class='ocrx_word' id='word_1_28' title='bbox 661 1016 818 1051; x_wconf 83' lang='lat' dir='ltr'><strong>causa</strong></span> <span class='ocrx_word' id='word_1_29' title='bbox 839 996 1030 1052; x_wconf 81' lang='lat' dir='ltr'><strong>officii?</strong></span> <span class='ocrx_word' id='word_1_30' title='bbox 1060 992 1198 1055; x_wconf 81' lang='lat' dir='ltr'><strong>Q&#39;nid</strong></span> <span class='ocrx_word' id='word_1_31' title='bbox 1224 1005 1444 1067; x_wconf 78' lang='lat' dir='ltr'><strong>quaeris?</strong></span> <span class='ocrx_word' id='word_1_32' title='bbox 1479 1020 1567 1054; x_wconf 84' lang='lat' dir='ltr'><strong>nu·</strong></span> 
     </span>
     <span class='ocr_line' id='line_1_9' title="bbox 505 1078 1569 1145; baseline 0.003 -18"><span class='ocrx_word' id='word_1_33' title='bbox 505 1078 586 1128; x_wconf 89' lang='lat' dir='ltr'><strong>bit</strong></span> <span class='ocrx_word' id='word_1_34' title='bbox 606 1079 840 1129; x_wconf 60' lang='lat' dir='ltr'><strong>amicus)</strong></span> <span class='ocrx_word' id='word_1_35' title='bbox 897 1080 1178 1145; x_wconf 81' lang='lat' dir='ltr'><strong>Tamquam</strong></span> <span class='ocrx_word' id='word_1_36' title='bbox 1219 1082 1286 1129; x_wconf 81' lang='lat' dir='ltr'><strong>de</strong></span> <span class='ocrx_word' id='word_1_37' title='bbox 1320 1096 1376 1130; x_wconf 88' lang='lat' dir='ltr'><strong>re</strong></span> <span class='ocrx_word' id='word_1_38' title='bbox 1407 1082 1569 1131; x_wconf 88' lang='lat' dir='ltr'><strong>notis-</strong></span> 
     </span>
     <span class='ocr_line' id='line_1_10' title="bbox 469 1156 1568 1221; baseline 0.003 -16"><span class='ocrx_word' id='word_1_39' title='bbox 469 1181 474 1185; x_wconf 95' lang='lat'>·</span> <span class='ocrx_word' id='word_1_40' title='bbox 505 1156 654 1217; x_wconf 81' lang='lat' dir='ltr'><strong>airna,</strong></span> <span class='ocrx_word' id='word_1_41' title='bbox 676 1170 782 1220; x_wconf 89' lang='lat' dir='ltr'><strong>quo</strong></span> <span class='ocrx_word' id='word_1_42' title='bbox 806 1164 1040 1219; x_wconf 76' lang='lat' dir='ltr'><strong>pacto‚et</strong></span> <span class='ocrx_word' id='word_1_43' title='bbox 1067 1158 1148 1207; x_wconf 86' lang='lat' dir='ltr'><strong>hic</strong></span> <span class='ocrx_word' id='word_1_44' title='bbox 1172 1159 1568 1221; x_wconf 77' lang='lat' dir='ltr'><strong>impurissimam</strong></span> 
     </span>
     <span class='ocr_line' id='line_1_11' title="bbox 504 1233 1568 1299; baseline 0.005 -19"><span class='ocrx_word' id='word_1_45' title='bbox 504 1233 882 1296; x_wconf 83' lang='lat' dir='ltr'><strong>turpitudinem</strong></span> <span class='ocrx_word' id='word_1_46' title='bbox 929 1234 1112 1297; x_wconf 87' lang='lat' dir='ltr'><strong>objicit</strong></span> <span class='ocrx_word' id='word_1_47' title='bbox 1146 1236 1277 1284; x_wconf 88' lang='lat' dir='ltr'><strong>clam</strong></span> <span class='ocrx_word' id='word_1_48' title='bbox 1319 1236 1568 1299; x_wconf 87' lang='lat' dir='ltr'><strong>Eutropio</strong></span> 
     </span>
     <span class='ocr_line' id='line_1_12' title="bbox 505 1309 1028 1360; baseline 0.002 -1"><span class='ocrx_word' id='word_1_49' title='bbox 505 1309 837 1359; x_wconf 82' lang='lat' dir='ltr'><strong>Claudianus.</strong></span> <span class='ocrx_word' id='word_1_50' title='bbox 877 1309 1028 1360; x_wconf 81' lang='lat' dir='ltr'><strong>Idem.</strong></span> 
     </span>
    </p>

    <p class='ocr_par' dir='ltr' id='par_1_4' title="bbox 501 1386 1572 1902">
     <span class='ocr_line' id='line_1_13' title="bbox 569 1386 1570 1450; baseline 0.004 -16"><span class='ocrx_word' id='word_1_51' title='bbox 569 1390 668 1435; x_wconf 74' lang='grc'><strong>226</strong></span> <span class='ocrx_word' id='word_1_52' title='bbox 704 1386 855 1435; x_wconf 78' lang='lat' dir='ltr'><strong>Foliis</strong></span> <span class='ocrx_word' id='word_1_53' title='bbox 892 1386 1095 1450; x_wconf 74' lang='lat' dir='ltr'><strong>Arabes]</strong></span> <span class='ocrx_word' id='word_1_54' title='bbox 1145 1386 1391 1438; x_wconf 87' lang='lat' dir='ltr'><strong>Odoratis</strong></span> <span class='ocrx_word' id='word_1_55' title='bbox 1429 1389 1570 1438; x_wconf 84' lang='lat' dir='ltr'><strong>vide·</strong></span> 
     </span>
     <span class='ocr_line' id='line_1_14' title="bbox 501 1458 1570 1526; baseline 0.005 -17"><span class='ocrx_word' id='word_1_56' title='bbox 501 1458 630 1510; x_wconf 86' lang='lat' dir='ltr'><strong>licet</strong></span> <span class='ocrx_word' id='word_1_57' title='bbox 661 1459 818 1521; x_wconf 82' lang='lat' dir='ltr'><strong>foliis,</strong></span> <span class='ocrx_word' id='word_1_58' title='bbox 841 1476 955 1524; x_wconf 79' lang='lat' dir='ltr'><strong>quae</strong></span> <span class='ocrx_word' id='word_1_59' title='bbox 992 1466 1160 1526; x_wconf 84' lang='lat' dir='ltr'><strong>erant,</strong></span> <span class='ocrx_word' id='word_1_60' title='bbox 1193 1469 1248 1512; x_wconf 89' lang='lat' dir='ltr'><strong>et</strong></span> <span class='ocrx_word' id='word_1_61' title='bbox 1281 1470 1402 1513; x_wconf 85' lang='lat' dir='ltr'><strong>sunt</strong></span> <span class='ocrx_word' id='word_1_62' title='bbox 1435 1478 1570 1514; x_wconf 87' lang='lat' dir='ltr'><strong>nunc</strong></span> 
     </span>
     <span class='ocr_line' id='line_1_15' title="bbox 506 1535 1570 1599; baseline 0.004 -16"><span class='ocrx_word' id='word_1_63' title='bbox 506 1548 732 1599; x_wconf 87' lang='lat' dir='ltr'><strong>quoque,</strong></span> <span class='ocrx_word' id='word_1_64' title='bbox 757 1535 894 1585; x_wconf 87' lang='lat' dir='ltr'><strong>iuter</strong></span> <span class='ocrx_word' id='word_1_65' title='bbox 915 1544 1165 1587; x_wconf 75' lang='lat' dir='ltr'><strong>aromata.</strong></span> <span class='ocrx_word' id='word_1_66' title='bbox 1234 1538 1314 1587; x_wconf 82' lang='lat' dir='ltr'><strong>Ex</strong></span> <span class='ocrx_word' id='word_1_67' title='bbox 1331 1539 1407 1587; x_wconf 87' lang='lat' dir='ltr'><strong>his</strong></span> <span class='ocrx_word' id='word_1_68' title='bbox 1429 1538 1570 1588; x_wconf 88' lang='lat' dir='ltr'><strong>foliis</strong></span> 
     </span>
     <span class='ocr_line' id='line_1_16' title="bbox 507 1607 1572 1677; baseline 0.005 -19"><span class='ocrx_word' id='word_1_69' title='bbox 507 1607 774 1660; x_wconf 78' lang='lat' dir='ltr'><strong>faciebant</strong></span> <span class='ocrx_word' id='word_1_70' title='bbox 811 1618 1127 1675; x_wconf 75' lang='lat' dir='ltr'><strong>unguentum</strong></span> <span class='ocrx_word' id='word_1_71' title='bbox 1153 1613 1290 1677; x_wconf 84' lang='lat' dir='ltr'><strong>quod</strong></span> <span class='ocrx_word' id='word_1_72' title='bbox 1330 1614 1572 1663; x_wconf 71' lang='lat' dir='ltr'><strong>foliatum</strong></span> 
     </span>
     <span class='ocr_line' id='line_1_17' title="bbox 504 1685 1569 1753; baseline 0.003 -18"><span class='ocrx_word' id='word_1_73' title='bbox 504 1685 869 1749; x_wconf 73' lang='lat' dir='ltr'><strong>usurpabatur.</strong></span> <span class='ocrx_word' id='word_1_74' title='bbox 918 1685 1208 1751; x_wconf 80' lang='lat' dir='ltr'><strong>Juvenalis,</strong></span> <span class='ocrx_word' id='word_1_75' title='bbox 1240 1690 1352 1737; x_wconf 89' lang='lat' dir='ltr'><strong>Sat.</strong></span> <span class='ocrx_word' id='word_1_76' title='bbox 1376 1704 1448 1738; x_wconf 80' lang='lat' dir='ltr'><strong>vi.</strong></span> <span class='ocrx_word' id='word_1_77' title='bbox 1473 1704 1569 1753; x_wconf 90' lang='lat' dir='ltr'><strong>pro</strong></span> 
     </span>
     <span class='ocr_line' id='line_1_18' title="bbox 507 1761 1572 1826; baseline 0.003 -15"><span class='ocrx_word' id='word_1_78' title='bbox 507 1761 882 1826; x_wconf 84' lang='lat' dir='ltr'><strong>pretiosissimo</strong></span> <span class='ocrx_word' id='word_1_79' title='bbox 921 1762 973 1811; x_wconf 92' lang='lat' dir='ltr'><strong>id</strong></span> <span class='ocrx_word' id='word_1_80' title='bbox 1010 1762 1198 1813; x_wconf 82' lang='lat' dir='ltr'><strong>habet:</strong></span> <span class='ocrx_word' id='word_1_81' title='bbox 1231 1764 1246 1792; x_wconf 85' lang='lat'>‘</span> <span class='ocrx_word' id='word_1_82' title='bbox 1265 1765 1476 1813; x_wconf 83' lang='lat' dir='ltr'><strong>moechis</strong></span> <span class='ocrx_word' id='word_1_83' title='bbox 1497 1764 1572 1814; x_wconf 84' lang='lat' dir='ltr'><strong>fo·</strong></span> 
     </span>
     <span class='ocr_line' id='line_1_19' title="bbox 505 1838 1117 1902; baseline 0 -14"><span class='ocrx_word' id='word_1_84' title='bbox 505 1840 634 1890; x_wconf 83' lang='lat' dir='ltr'><strong>liata</strong></span> <span class='ocrx_word' id='word_1_85' title='bbox 654 1838 932 1902; x_wconf 60' lang='lat' dir='ltr'><strong>parantur?</strong></span> <span class='ocrx_word' id='word_1_86' title='bbox 965 1840 1117 1888; x_wconf 78' lang='lat' dir='ltr'><strong>Idem.</strong></span> 
     </span>
    </p>

    <p class='ocr_par' dir='ltr' id='par_1_5' title="bbox 509 1914 1579 2343">
     <span class='ocr_line' id='line_1_20' title="bbox 572 1914 1575 1979; baseline 0.003 -15"><span class='ocrx_word' id='word_1_87' title='bbox 572 1919 670 1964; x_wconf 78' lang='grc'><strong>227</strong></span> <span class='ocrx_word' id='word_1_88' title='bbox 703 1914 790 1963; x_wconf 83' lang='lat' dir='ltr'><strong>Sic</strong></span> <span class='ocrx_word' id='word_1_89' title='bbox 807 1919 948 1977; x_wconf 76' lang='lat' dir='ltr'><strong>urget</strong></span> <span class='ocrx_word' id='word_1_90' title='bbox 985 1915 1193 1979; x_wconf 74' lang='lat' dir='ltr'><strong>egestus]</strong></span> <span class='ocrx_word' id='word_1_91' title='bbox 1225 1916 1417 1979; x_wconf 87' lang='lat' dir='ltr'><strong>Scripti</strong></span> <span class='ocrx_word' id='word_1_92' title='bbox 1453 1933 1575 1967; x_wconf 89' lang='lat' dir='ltr'><strong>non·</strong></span> 
     </span>
     <span class='ocr_line' id='line_1_21' title="bbox 509 1991 1574 2057; baseline 0.003 -16"><span class='ocrx_word' id='word_1_93' title='bbox 509 1991 636 2041; x_wconf 80' lang='lat' dir='ltr'><strong>nulli</strong></span> <span class='ocrx_word' id='word_1_94' title='bbox 657 1992 787 2053; x_wconf 82' lang='lat' dir='ltr'><strong>cogit</strong></span> <span class='ocrx_word' id='word_1_95' title='bbox 807 1992 891 2041; x_wconf 85' lang='lat' dir='ltr'><strong>vel</strong></span> <span class='ocrx_word' id='word_1_96' title='bbox 925 1996 1088 2053; x_wconf 74' lang='lat' dir='ltr'><strong>coget.-</strong></span> <span class='ocrx_word' id='word_1_97' title='bbox 1120 1999 1178 2041; x_wconf 91' lang='lat' dir='ltr'><strong>ut</strong></span> <span class='ocrx_word' id='word_1_98' title='bbox 1199 1994 1336 2057; x_wconf 85' lang='lat' dir='ltr'><strong>apud</strong></span> <span class='ocrx_word' id='word_1_99' title='bbox 1375 1994 1574 2045; x_wconf 87' lang='lat' dir='ltr'><strong>Lucan.</strong></span> 
     </span>
     <span class='ocr_line' id='line_1_22' title="bbox 509 2066 1578 2132; baseline 0.003 -17"><span class='ocrx_word' id='word_1_100' title='bbox 509 2067 605 2117; x_wconf 81' lang='lat' dir='ltr'><strong>lib.</strong></span> <span class='ocrx_word' id='word_1_101' title='bbox 625 2080 717 2115; x_wconf 86' lang='grc' dir='ltr'><strong>ιιι.</strong></span> <span class='ocrx_word' id='word_1_102' title='bbox 751 2066 946 2116; x_wconf 85' lang='lat' dir='ltr'><strong>‘.Pacis</strong></span> <span class='ocrx_word' id='word_1_103' title='bbox 981 2066 1046 2115; x_wconf 81' lang='lat' dir='ltr'><strong>ad</strong></span> <span class='ocrx_word' id='word_1_104' title='bbox 1074 2068 1338 2117; x_wconf 70' lang='lat' dir='ltr'><strong>exhaustae</strong></span> <span class='ocrx_word' id='word_1_105' title='bbox 1361 2070 1578 2132; x_wconf 83' lang='lat' dir='ltr'><strong>spolium</strong></span> 
     </span>
     <span class='ocr_line' id='line_1_23' title="bbox 509 2142 1579 2208; baseline 0.004 -17"><span class='ocrx_word' id='word_1_106' title='bbox 509 2156 604 2191; x_wconf 86' lang='lat' dir='ltr'><strong>nos</strong></span> <span class='ocrx_word' id='word_1_107' title='bbox 651 2142 796 2205; x_wconf 87' lang='lat' dir='ltr'><strong>cogit</strong></span> <span class='ocrx_word' id='word_1_108' title='bbox 837 2146 1076 2204; x_wconf 82' lang='lat' dir='ltr'><strong>egestas.&#39;</strong></span> <span class='ocrx_word' id='word_1_109' title='bbox 1128 2144 1346 2206; x_wconf 84' lang='lat' dir='ltr'><strong>Virgilio</strong></span> <span class='ocrx_word' id='word_1_110' title='bbox 1385 2152 1579 2208; x_wconf 89' lang='lat' dir='ltr'><strong>tamen,</strong></span> 
     </span>
     <span class='ocr_line' id='line_1_24' title="bbox 513 2216 1578 2282; baseline 0.006 -17"><span class='ocrx_word' id='word_1_111' title='bbox 513 2220 530 2247; x_wconf 89' lang='lat'>‘</span> <span class='ocrx_word' id='word_1_112' title='bbox 553 2218 696 2266; x_wconf 84' lang='lat' dir='ltr'><strong>duris</strong></span> <span class='ocrx_word' id='word_1_113' title='bbox 735 2232 922 2281; x_wconf 78' lang='lat' dir='ltr'><strong>urgens</strong></span> <span class='ocrx_word' id='word_1_114' title='bbox 959 2217 1012 2265; x_wconf 88' lang='lat' dir='ltr'><strong>in</strong></span> <span class='ocrx_word' id='word_1_115' title='bbox 1045 2216 1202 2267; x_wconf 86' lang='lat' dir='ltr'><strong>rebus</strong></span> <span class='ocrx_word' id='word_1_116' title='bbox 1235 2220 1474 2282; x_wconf 62' lang='lat' dir='ltr'><strong>egestas?</strong></span> <span class='ocrx_word' id='word_1_117' title='bbox 1507 2222 1578 2271; x_wconf 88' lang='lat' dir='ltr'><strong>D.</strong></span> 
     </span>
     <span class='ocr_line' id='line_1_25' title="bbox 512 2292 688 2343; baseline -0.006 -1"><span class='ocrx_word' id='word_1_118' title='bbox 512 2292 688 2343; x_wconf 76' lang='lat' dir='ltr'><strong>Heius.</strong></span> 
     </span>
    </p>

    <p class='ocr_par' dir='ltr' id='par_1_6' title="bbox 513 2370 1582 2887">
     <span class='ocr_line' id='line_1_26' title="bbox 525 2370 1578 2433; baseline 0.002 -14"><span class='ocrx_word' id='word_1_119' title='bbox 525 2384 532 2394; x_wconf 92' lang='lat'><strong>·</strong></span> <span class='ocrx_word' id='word_1_120' title='bbox 579 2374 678 2419; x_wconf 84' lang='grc'><strong>228</strong></span> <span class='ocrx_word' id='word_1_121' title='bbox 718 2370 784 2419; x_wconf 79' lang='lat' dir='ltr'><strong>Ut</strong></span> <span class='ocrx_word' id='word_1_122' title='bbox 806 2370 922 2419; x_wconf 78' lang='lat' dir='ltr'><strong>velit</strong></span> <span class='ocrx_word' id='word_1_123' title='bbox 957 2370 1205 2433; x_wconf 77' lang='lat' dir='ltr'><strong>Eutropii]</strong></span> <span class='ocrx_word' id='word_1_124' title='bbox 1239 2372 1358 2420; x_wconf 88' lang='lat' dir='ltr'><strong>Hoc</strong></span> <span class='ocrx_word' id='word_1_125' title='bbox 1388 2370 1578 2421; x_wconf 87' lang='lat' dir='ltr'><strong>fecisse</strong></span> 
     </span>
     <span class='ocr_line' id='line_1_27' title="bbox 513 2445 1582 2512; baseline 0.004 -19"><span class='ocrx_word' id='word_1_126' title='bbox 513 2446 762 2509; x_wconf 87' lang='lat' dir='ltr'><strong>plurimos</strong></span> <span class='ocrx_word' id='word_1_127' title='bbox 778 2445 962 2494; x_wconf 84' lang='lat' dir='ltr'><strong>Suidas</strong></span> <span class='ocrx_word' id='word_1_128' title='bbox 987 2448 1189 2507; x_wconf 85' lang='lat' dir='ltr'><strong>asserit,</strong></span> <span class='ocrx_word' id='word_1_129' title='bbox 1221 2448 1309 2512; x_wconf 90' lang='lat' dir='ltr'><strong>qui</strong></span> <span class='ocrx_word' id='word_1_130' title='bbox 1327 2455 1582 2497; x_wconf 83' lang='lat' dir='ltr'><strong>castrave-</strong></span> 
     </span>
     <span class='ocr_line' id='line_1_28' title="bbox 513 2516 1579 2588; baseline 0.006 -20"><span class='ocrx_word' id='word_1_131' title='bbox 513 2522 622 2569; x_wconf 83' lang='lat' dir='ltr'><strong>rint</strong></span> <span class='ocrx_word' id='word_1_132' title='bbox 655 2519 904 2570; x_wconf 86' lang='lat' dir='ltr'><strong>videlic&#39;et</strong></span> <span class='ocrx_word' id='word_1_133' title='bbox 927 2535 1063 2585; x_wconf 86' lang='lat' dir='ltr'><strong>sese,</strong></span> <span class='ocrx_word' id='word_1_134' title='bbox 1097 2524 1353 2588; x_wconf 84' lang='lat' dir='ltr'><strong>Eutropio</strong></span> <span class='ocrx_word' id='word_1_135' title='bbox 1375 2516 1579 2574; x_wconf 81' lang='lat' dir='ltr'><strong>culmen</strong></span> 
     </span>
     <span class='ocr_line' id='line_1_29' title="bbox 515 2594 1580 2660; baseline 0.002 -15"><span class='ocrx_word' id='word_1_136' title='bbox 515 2594 838 2660; x_wconf 57' lang='lat' dir='ltr'><strong>Reipublicae</strong></span> <span class='ocrx_word' id='word_1_137' title='bbox 865 2597 1143 2660; x_wconf 81' lang='lat' dir='ltr'><strong>insidente,</strong></span> <span class='ocrx_word' id='word_1_138' title='bbox 1171 2603 1232 2647; x_wconf 85' lang='lat' dir='ltr'><strong>nt</strong></span> <span class='ocrx_word' id='word_1_139' title='bbox 1269 2600 1469 2649; x_wconf 77' lang='lat' dir='ltr'><strong>exsecti</strong></span> <span class='ocrx_word' id='word_1_140' title='bbox 1493 2614 1580 2648; x_wconf 89' lang='lat' dir='ltr'><strong>ex-</strong></span> 
     </span>
     <span class='ocr_line' id='line_1_30' title="bbox 515 2658 1579 2739; baseline 0.006 -20"><span class='ocrx_word' id='word_1_141' title='bbox 515 2676 658 2719; x_wconf 87' lang='lat' dir='ltr'><strong>secto</strong></span> <span class='ocrx_word' id='word_1_142' title='bbox 680 2658 866 2720; x_wconf 73' lang='lat' dir='ltr'><strong>fierent</strong></span> <span class='ocrx_word' id='word_1_143' title='bbox 890 2672 1151 2732; x_wconf 80' lang='lat' dir='ltr'><strong>simillimi,</strong></span> <span class='ocrx_word' id='word_1_144' title='bbox 1184 2681 1240 2723; x_wconf 90' lang='lat' dir='ltr'><strong>et</strong></span> <span class='ocrx_word' id='word_1_145' title='bbox 1261 2674 1335 2725; x_wconf 87' lang='lat' dir='ltr'><strong>ita</strong></span> <span class='ocrx_word' id='word_1_146' title='bbox 1357 2676 1579 2739; x_wconf 76' lang='lat' dir='ltr'><strong>gratiam</strong></span> 
     </span>
     <span class='ocr_line' id='line_1_31' title="bbox 515 2746 1581 2808; baseline 0.006 -13"><span class='ocrx_word' id='word_1_147' title='bbox 515 2746 631 2808; x_wconf 86' lang='lat' dir='ltr'><strong>ejus</strong></span> <span class='ocrx_word' id='word_1_148' title='bbox 653 2752 998 2797; x_wconf 76' lang='lat' dir='ltr'><strong>mererentur.</strong></span> <span class='ocrx_word' id='word_1_149' title='bbox 1066 2748 1183 2799; x_wconf 82' lang='lat' dir='ltr'><strong>Quo</strong></span> <span class='ocrx_word' id='word_1_150' title='bbox 1205 2763 1329 2798; x_wconf 85' lang='lat' dir='ltr'><strong>sane</strong></span> <span class='ocrx_word' id='word_1_151' title='bbox 1348 2751 1581 2801; x_wconf 88' lang='lat' dir='ltr'><strong>ambitio-</strong></span> 
     </span>
     <span class='ocr_line' id='line_1_32' title="bbox 515 2822 1579 2887; baseline 0.006 -17"><span class='ocrx_word' id='word_1_152' title='bbox 515 2822 595 2870; x_wconf 87' lang='lat' dir='ltr'><strong>nis</strong></span> <span class='ocrx_word' id='word_1_153' title='bbox 637 2823 834 2871; x_wconf 86' lang='lat' dir='ltr'><strong>scelere</strong></span> <span class='ocrx_word' id='word_1_154' title='bbox 879 2829 1002 2887; x_wconf 91' lang='lat' dir='ltr'><strong>post</strong></span> <span class='ocrx_word' id='word_1_155' title='bbox 1037 2822 1271 2874; x_wconf 86' lang='lat' dir='ltr'><strong>homines</strong></span> <span class='ocrx_word' id='word_1_156' title='bbox 1307 2833 1458 2877; x_wconf 81' lang='lat' dir='ltr'><strong>natos</strong></span> <span class='ocrx_word' id='word_1_157' title='bbox 1493 2842 1579 2876; x_wconf 82' lang='lat' dir='ltr'><strong>ve·</strong></span> 
     </span>
    </p>
   </div>
   <div class='ocr_carea' id='block_1_3' title="bbox 516 2898 1580 3024">
    <p class='ocr_par' dir='ltr' id='par_1_7' title="bbox 516 2898 1580 3024">
     <span class='ocr_line' id='line_1_33' title="bbox 517 2898 1580 2961; baseline 0.006 -15"><span class='ocrx_word' id='word_1_158' title='bbox 517 2898 723 2947; x_wconf 86' lang='lat' dir='ltr'><strong>cordius</strong></span> <span class='ocrx_word' id='word_1_159' title='bbox 767 2898 964 2947; x_wconf 88' lang='lat' dir='ltr'><strong>nullum</strong></span> <span class='ocrx_word' id='word_1_160' title='bbox 1021 2906 1280 2961; x_wconf 85' lang='lat' dir='ltr'><strong>patratum</strong></span> <span class='ocrx_word' id='word_1_161' title='bbox 1325 2902 1580 2953; x_wconf 85' lang='lat' dir='ltr'><strong>existimo.</strong></span> 
     </span>
     <span class='ocr_line' id='line_1_34' title="bbox 516 2975 698 3024; baseline 0.005 -1"><span class='ocrx_word' id='word_1_162' title='bbox 516 2975 698 3024; x_wconf 68' lang='lat' dir='ltr'><strong>Bur-tls.</strong></span> 
     </span>
    </p>
   </div>
   <div class='ocr_carea' id='block_1_4' title="bbox 517 3052 1591 4237">
    <p class='ocr_par' dir='ltr' id='par_1_8' title="bbox 517 3052 1586 3557">
     <span class='ocr_line' id='line_1_35' title="bbox 579 3052 1584 3117; baseline 0.006 -16"><span class='ocrx_word' id='word_1_163' title='bbox 579 3056 680 3103; x_wconf 82' lang='grc'><strong>229</strong></span> <span class='ocrx_word' id='word_1_164' title='bbox 728 3052 894 3101; x_wconf 71' lang='lat' dir='ltr'><strong>Oblita</strong></span> <span class='ocrx_word' id='word_1_165' title='bbox 925 3052 1024 3117; x_wconf 78' lang='lat' dir='ltr'><strong>sui]</strong></span> <span class='ocrx_word' id='word_1_166' title='bbox 1070 3052 1314 3105; x_wconf 80' lang='lat' dir='ltr'><strong>Attonita</strong></span> <span class='ocrx_word' id='word_1_167' title='bbox 1351 3057 1496 3107; x_wconf 85' lang='lat' dir='ltr'><strong>velut</strong></span> <span class='ocrx_word' id='word_1_168' title='bbox 1527 3062 1584 3107; x_wconf 88' lang='lat' dir='ltr'><strong>et</strong></span> 
     </span>
     <span class='ocr_line' id='line_1_36' title="bbox 518 3128 1586 3197; baseline 0.004 -20"><span class='ocrx_word' id='word_1_169' title='bbox 518 3142 725 3177; x_wconf 85' lang='lat' dir='ltr'><strong>suarum</strong></span> <span class='ocrx_word' id='word_1_170' title='bbox 747 3128 912 3177; x_wconf 86' lang='lat' dir='ltr'><strong>oblita</strong></span> <span class='ocrx_word' id='word_1_171' title='bbox 946 3142 1137 3189; x_wconf 82' lang='lat' dir='ltr'><strong>reruni,</strong></span> <span class='ocrx_word' id='word_1_172' title='bbox 1161 3144 1265 3180; x_wconf 81' lang='lat' dir='ltr'><strong>suae</strong></span> <span class='ocrx_word' id='word_1_173' title='bbox 1299 3130 1586 3197; x_wconf 87' lang='lat' dir='ltr'><strong>dignitatis,</strong></span> 
     </span>
     <span class='ocr_line' id='line_1_37' title="bbox 518 3206 1584 3272; baseline 0.005 -18"><span class='ocrx_word' id='word_1_174' title='bbox 518 3212 681 3255; x_wconf 83' lang='lat' dir='ltr'><strong>exuta</strong></span> <span class='ocrx_word' id='word_1_175' title='bbox 724 3220 820 3268; x_wconf 89' lang='lat' dir='ltr'><strong>per</strong></span> <span class='ocrx_word' id='word_1_176' title='bbox 865 3206 1138 3256; x_wconf 77' lang='lat' dir='ltr'><strong>avaritiam</strong></span> <span class='ocrx_word' id='word_1_177' title='bbox 1183 3215 1241 3258; x_wconf 90' lang='lat' dir='ltr'><strong>et</strong></span> <span class='ocrx_word' id='word_1_178' title='bbox 1295 3212 1584 3272; x_wconf 87' lang='lat' dir='ltr'><strong>potentiam</strong></span> 
     </span>
     <span class='ocr_line' id='line_1_38' title="bbox 517 3280 1586 3350; baseline 0.008 -22"><span class='ocrx_word' id='word_1_179' title='bbox 517 3280 769 3330; x_wconf 73' lang='lat' dir='ltr'><strong>sensibus.</strong></span> <span class='ocrx_word' id='word_1_180' title='bbox 829 3280 1082 3345; x_wconf 87' lang='lat' dir='ltr'><strong>Sulpitius</strong></span> <span class='ocrx_word' id='word_1_181' title='bbox 1104 3284 1344 3347; x_wconf 81' lang='lat' dir='ltr'><strong>Severus,</strong></span> <span class='ocrx_word' id='word_1_182' title='bbox 1364 3286 1586 3350; x_wconf 85' lang='lat' dir='ltr'><strong>Dialogo</strong></span> 
     </span>
     <span class='ocr_line' id='line_1_39' title="bbox 519 3355 1586 3412; baseline 0.007 -9"><span class='ocrx_word' id='word_1_183' title='bbox 519 3368 606 3403; x_wconf 87' lang='lat' dir='ltr'><strong>m.</strong></span> <span class='ocrx_word' id='word_1_184' title='bbox 638 3355 945 3404; x_wconf 85' lang='lat' dir='ltr'><strong>iracundum</strong></span> <span class='ocrx_word' id='word_1_185' title='bbox 963 3356 1215 3407; x_wconf 84' lang='lat' dir='ltr'><strong>hominem</strong></span> <span class='ocrx_word' id='word_1_186' title='bbox 1239 3358 1372 3408; x_wconf 88' lang='lat' dir='ltr'><strong>dicit</strong></span> <span class='ocrx_word' id='word_1_187' title='bbox 1393 3361 1471 3409; x_wconf 87' lang='lat' dir='ltr'><strong>sui</strong></span> <span class='ocrx_word' id='word_1_188' title='bbox 1495 3362 1586 3412; x_wconf 90' lang='lat' dir='ltr'><strong>ob-</strong></span> 
     </span>
     <span class='ocr_line' id='line_1_40' title="bbox 519 3428 1586 3488; baseline 0.006 -11"><span class='ocrx_word' id='word_1_189' title='bbox 519 3428 708 3488; x_wconf 82' lang='lat' dir='ltr'><strong>livisci,</strong></span> <span class='ocrx_word' id='word_1_190' title='bbox 739 3430 808 3477; x_wconf 87' lang='lat' dir='ltr'><strong>ob</strong></span> <span class='ocrx_word' id='word_1_191' title='bbox 839 3428 1144 3480; x_wconf 82' lang='lat' dir='ltr'><strong>afflictiones</strong></span> <span class='ocrx_word' id='word_1_192' title='bbox 1165 3447 1196 3480; x_wconf 88' lang='lat' dir='ltr'><strong>a</strong></span> <span class='ocrx_word' id='word_1_193' title='bbox 1221 3433 1452 3483; x_wconf 86' lang='lat' dir='ltr'><strong>Fortuna</strong></span> <span class='ocrx_word' id='word_1_194' title='bbox 1481 3436 1586 3485; x_wconf 85' lang='lat' dir='ltr'><strong>vel-</strong></span> 
     </span>
     <span class='ocr_line' id='line_1_41' title="bbox 517 3504 1111 3557; baseline 0.007 -4"><span class='ocrx_word' id='word_1_195' title='bbox 517 3508 581 3555; x_wconf 84' lang='lat' dir='ltr'><strong>&#39;nt</strong></span> <span class='ocrx_word' id='word_1_196' title='bbox 601 3504 927 3554; x_wconf 83' lang='lat' dir='ltr'><strong>destitutum.</strong></span> <span class='ocrx_word' id='word_1_197' title='bbox 959 3507 1111 3557; x_wconf 80' lang='lat' dir='ltr'><strong>Idem.</strong></span> 
     </span>
    </p>

    <p class='ocr_par' dir='ltr' id='par_1_9' title="bbox 585 3580 1589 3649">
     <span class='ocr_line' id='line_1_42' title="bbox 585 3580 1589 3649; baseline 0.006 -21"><span class='ocrx_word' id='word_1_198' title='bbox 585 3584 682 3629; x_wconf 76' lang='grc'><strong>231</strong></span> <span class='ocrx_word' id='word_1_199' title='bbox 709 3580 959 3640; x_wconf 72' lang='lat' dir='ltr'><strong>Quidjam</strong></span> <span class='ocrx_word' id='word_1_200' title='bbox 980 3584 1038 3631; x_wconf 85' lang='lat' dir='ltr'><strong>de</strong></span> <span class='ocrx_word' id='word_1_201' title='bbox 1065 3582 1264 3633; x_wconf 76' lang='lat' dir='ltr'><strong>Consule</strong></span> <span class='ocrx_word' id='word_1_202' title='bbox 1283 3584 1453 3649; x_wconf 82' lang='lat' dir='ltr'><strong>miror]</strong></span> <span class='ocrx_word' id='word_1_203' title='bbox 1486 3586 1589 3634; x_wconf 75' lang='lat' dir='ltr'><strong>Mi-</strong></span> 
     </span>
    </p>

    <p class='ocr_par' dir='ltr' id='par_1_10' title="bbox 520 3657 1591 4237">
     <span class='ocr_line' id='line_1_43' title="bbox 520 3657 1587 3720; baseline 0.008 -16"><span class='ocrx_word' id='word_1_204' title='bbox 520 3670 600 3706; x_wconf 84' lang='lat' dir='ltr'><strong>rer</strong></span> <span class='ocrx_word' id='word_1_205' title='bbox 636 3657 962 3720; x_wconf 65' lang='lat' dir='ltr'><strong>praestiterit,</strong></span> <span class='ocrx_word' id='word_1_206' title='bbox 986 3658 1029 3707; x_wconf 83' lang='lat' dir='ltr'><strong>si</strong></span> <span class='ocrx_word' id='word_1_207' title='bbox 1053 3660 1398 3709; x_wconf 77' lang='lat' dir='ltr'><strong>assentiantur</strong></span> <span class='ocrx_word' id='word_1_208' title='bbox 1429 3676 1587 3713; x_wconf 87' lang='lat' dir='ltr'><strong>mem·</strong></span> 
     </span>
     <span class='ocr_line' id='line_1_44' title="bbox 523 3732 1022 3784; baseline 0.004 -2"><span class='ocrx_word' id='word_1_209' title='bbox 523 3732 717 3782; x_wconf 82' lang='lat' dir='ltr'><strong>branae.</strong></span> <span class='ocrx_word' id='word_1_210' title='bbox 752 3733 824 3783; x_wconf 89' lang='lat' dir='ltr'><strong>D.</strong></span> <span class='ocrx_word' id='word_1_211' title='bbox 848 3733 1022 3784; x_wconf 75' lang='lat' dir='ltr'><strong>Heius.</strong></span> 
     </span>
     <span class='ocr_line' id='line_1_45' title="bbox 529 3808 1589 3877; baseline 0.007 -20"><span class='ocrx_word' id='word_1_212' title='bbox 529 3830 534 3837; x_wconf 95' lang='lat'>·</span> <span class='ocrx_word' id='word_1_213' title='bbox 580 3810 684 3857; x_wconf 73' lang='grc'><strong>232</strong></span> <span class='ocrx_word' id='word_1_214' title='bbox 717 3808 1004 3870; x_wconf 73' lang='lat' dir='ltr'><strong>Prodigium</strong></span> <span class='ocrx_word' id='word_1_215' title='bbox 1033 3815 1104 3859; x_wconf 73' lang='lat' dir='ltr'><strong>est</strong></span> <span class='ocrx_word' id='word_1_216' title='bbox 1123 3813 1417 3876; x_wconf 77' lang='lat' dir='ltr'><strong>quodcunque</strong></span> <span class='ocrx_word' id='word_1_217' title='bbox 1435 3814 1589 3877; x_wconf 72' lang='lat' dir='ltr'><strong>gerit]</strong></span> 
     </span>
     <span class='ocr_line' id='line_1_46' title="bbox 521 3883 1589 3951; baseline 0.007 -19"><span class='ocrx_word' id='word_1_218' title='bbox 521 3883 680 3933; x_wconf 84' lang='lat' dir='ltr'><strong>Prior</strong></span> <span class='ocrx_word' id='word_1_219' title='bbox 710 3883 999 3945; x_wconf 86' lang='lat' dir='ltr'><strong>Leidensis,</strong></span> <span class='ocrx_word' id='word_1_220' title='bbox 1035 3886 1244 3935; x_wconf 83' lang='lat' dir='ltr'><strong>Farnes.</strong></span> <span class='ocrx_word' id='word_1_221' title='bbox 1281 3893 1338 3937; x_wconf 90' lang='lat' dir='ltr'><strong>et</strong></span> <span class='ocrx_word' id='word_1_222' title='bbox 1377 3892 1589 3951; x_wconf 86' lang='lat' dir='ltr'><strong>quintus</strong></span> 
     </span>
     <span class='ocr_line' id='line_1_47' title="bbox 521 3958 1591 4024; baseline 0.006 -16"><span class='ocrx_word' id='word_1_223' title='bbox 521 3958 646 4009; x_wconf 84' lang='lat' dir='ltr'><strong>Vat.</strong></span> <span class='ocrx_word' id='word_1_224' title='bbox 669 3958 848 4007; x_wconf 84' lang='lat' dir='ltr'><strong>delent</strong></span> <span class='ocrx_word' id='word_1_225' title='bbox 881 3958 940 4007; x_wconf 72' lang='grc' dir='ltr'><strong>τὸ</strong></span> <span class='ocrx_word' id='word_1_226' title='bbox 977 3965 1073 4010; x_wconf 80' lang='lat' dir='ltr'><strong>est.-</strong></span> <span class='ocrx_word' id='word_1_227' title='bbox 1108 3962 1406 4024; x_wconf 72' lang='lat' dir='ltr'><strong>eleganter:</strong></span> <span class='ocrx_word' id='word_1_228' title='bbox 1441 3965 1516 4013; x_wconf 86' lang='lat' dir='ltr'><strong>sic</strong></span> <span class='ocrx_word' id='word_1_229' title='bbox 1537 3979 1591 4014; x_wconf 78' lang='lat' dir='ltr'><strong>a·</strong></span> 
     </span>
     <span class='ocr_line' id='line_1_48' title="bbox 523 4034 1587 4099; baseline 0.005 -13"><span class='ocrx_word' id='word_1_230' title='bbox 523 4035 630 4099; x_wconf 85' lang='lat' dir='ltr'><strong>pud</strong></span> <span class='ocrx_word' id='word_1_231' title='bbox 654 4034 921 4099; x_wconf 83' lang='lat' dir='ltr'><strong>Ovidium,</strong></span> <span class='ocrx_word' id='word_1_232' title='bbox 945 4037 1078 4086; x_wconf 83' lang='lat' dir='ltr'><strong>Met.</strong></span> <span class='ocrx_word' id='word_1_233' title='bbox 1099 4051 1174 4087; x_wconf 77' lang='lat' dir='ltr'><strong>vi.</strong></span> <span class='ocrx_word' id='word_1_234' title='bbox 1198 4045 1400 4089; x_wconf 85' lang='lat' dir='ltr'><strong>veteres</strong></span> <span class='ocrx_word' id='word_1_235' title='bbox 1431 4041 1587 4091; x_wconf 83' lang='lat' dir='ltr'><strong>libri:</strong></span> 
     </span>
     <span class='ocr_line' id='line_1_49' title="bbox 520 4111 1591 4179; baseline 0.007 -21"><span class='ocrx_word' id='word_1_236' title='bbox 520 4112 538 4139; x_wconf 87' lang='lat'>‘</span> <span class='ocrx_word' id='word_1_237' title='bbox 563 4124 806 4174; x_wconf 81' lang='lat' dir='ltr'><strong>magnum</strong></span> <span class='ocrx_word' id='word_1_238' title='bbox 838 4111 1181 4176; x_wconf 84' lang='lat' dir='ltr'><strong>quodcunque</strong></span> <span class='ocrx_word' id='word_1_239' title='bbox 1215 4114 1412 4179; x_wconf 84' lang='lat' dir='ltr'><strong>paravi,</strong></span> <span class='ocrx_word' id='word_1_240' title='bbox 1450 4117 1591 4169; x_wconf 83' lang='lat' dir='ltr'><strong>Quid</strong></span> 
     </span>
     <span class='ocr_line' id='line_1_50' title="bbox 526 4184 1199 4237; baseline 0.003 -2"><span class='ocrx_word' id='word_1_241' title='bbox 526 4184 596 4235; x_wconf 79' lang='lat' dir='ltr'><strong>sit</strong></span> <span class='ocrx_word' id='word_1_242' title='bbox 614 4184 780 4235; x_wconf 84' lang='lat' dir='ltr'><strong>adhuc</strong></span> <span class='ocrx_word' id='word_1_243' title='bbox 801 4185 1014 4237; x_wconf 84' lang='lat' dir='ltr'><strong>dubito.’</strong></span> <span class='ocrx_word' id='word_1_244' title='bbox 1049 4187 1199 4237; x_wconf 80' lang='lat' dir='ltr'><strong>Idem.</strong></span> 
     </span>
    </p>
   </div>
   <div class='ocr_carea' id='block_1_5' title="bbox 532 4259 1593 4327">
    <p class='ocr_par' dir='ltr' id='par_1_11' title="bbox 532 4259 1593 4327">
     <span class='ocr_line' id='line_1_51' title="bbox 532 4259 1593 4327; baseline 0.006 -15"><span class='ocrx_word' id='word_1_245' title='bbox 532 4294 540 4301; x_wconf 93' lang='lat'><em>-</em></span> <span class='ocrx_word' id='word_1_246' title='bbox 589 4259 808 4324; x_wconf 61' lang='lat' dir='ltr'><strong>Pagina]</strong></span> <span class='ocrx_word' id='word_1_247' title='bbox 837 4261 1101 4327; x_wconf 79' lang='lat' dir='ltr'><strong>Scriptum</strong></span> <span class='ocrx_word' id='word_1_248' title='bbox 1136 4278 1288 4315; x_wconf 84' lang='lat' dir='ltr'><strong>omne</strong></span> <span class='ocrx_word' id='word_1_249' title='bbox 1316 4270 1483 4318; x_wconf 82' lang='lat' dir='ltr'><strong>vetus.</strong></span> <span class='ocrx_word' id='word_1_250' title='bbox 1518 4266 1593 4317; x_wconf 79' lang='lat' dir='ltr'><strong>A·</strong></span> 
     </span>
    </p>
   </div>
   <div class='ocr_carea' id='block_1_6' title="bbox 813 398 2378 455">
    <p class='ocr_par' dir='ltr' id='par_1_12' title="bbox 813 398 2378 455">
     <span class='ocr_line' id='line_1_52' title="bbox 813 398 2378 455; baseline -0.001 -1"><span class='ocrx_word' id='word_1_251' title='bbox 813 405 1031 454; x_wconf 75' lang='lat' dir='ltr'><strong>No&#39;rAE</strong></span> <span class='ocrx_word' id='word_1_252' title='bbox 1080 400 1482 454; x_wconf 65' lang='lat' dir='ltr'><strong>vammum</strong></span> <span class='ocrx_word' id='word_1_253' title='bbox 1531 404 1615 453; x_wconf 76' lang='lat' dir='ltr'><strong>m</strong></span> <span class='ocrx_word' id='word_1_254' title='bbox 1664 402 1779 455; x_wconf 75' lang='lat' dir='ltr'><strong>GL.</strong></span> <span class='ocrx_word' id='word_1_255' title='bbox 1827 398 2104 455; x_wconf 73' lang='lat' dir='ltr'><strong>GLAUD.</strong></span> <span class='ocrx_word' id='word_1_256' title='bbox 2151 403 2378 453; x_wconf 83' lang='lat' dir='ltr'><strong>xv111.</strong></span> 
     </span>
    </p>
   </div>
   <div class='ocr_carea' id='block_1_7' title="bbox 1638 546 2731 4327">
    <p class='ocr_par' dir='ltr' id='par_1_13' title="bbox 1638 546 2703 688">
     <span class='ocr_line' id='line_1_53' title="bbox 1638 546 2703 612; baseline -0.001 -14"><span class='ocrx_word' id='word_1_257' title='bbox 1638 548 1765 599; x_wconf 73' lang='lat' dir='ltr'><strong>libiz</strong></span> <span class='ocrx_word' id='word_1_258' title='bbox 1819 552 1838 578; x_wconf 78' lang='lat'><strong>⁴</strong></span> <span class='ocrx_word' id='word_1_259' title='bbox 1866 548 2122 612; x_wconf 79' lang='lat' dir='ltr'><strong>Antiquos</strong></span> <span class='ocrx_word' id='word_1_260' title='bbox 2166 548 2397 612; x_wconf 86' lang='lat' dir='ltr'><strong>loquitur</strong></span> <span class='ocrx_word' id='word_1_261' title='bbox 2434 546 2703 597; x_wconf 74' lang='lat' dir='ltr'><strong>Musarum</strong></span> 
     </span>
     <span class='ocr_line' id='line_1_54' title="bbox 1641 624 2247 688; baseline -0.003 -14"><span class='ocrx_word' id='word_1_262' title='bbox 1641 626 1826 688; x_wconf 65' lang='lat' dir='ltr'><strong>pagina</strong></span> <span class='ocrx_word' id='word_1_263' title='bbox 1854 624 2247 683; x_wconf 63' lang='lat' dir='ltr'><strong>RegesssBarth.</strong></span> 
     </span>
    </p>

    <p class='ocr_par' dir='ltr' id='par_1_14' title="bbox 1638 698 2705 977">
     <span class='ocr_line' id='line_1_55' title="bbox 1642 698 2703 763; baseline -0.004 -13"><span class='ocrx_word' id='word_1_264' title='bbox 1642 724 1647 727; x_wconf 97' lang='lat'>·</span> <span class='ocrx_word' id='word_1_265' title='bbox 1706 701 1842 750; x_wconf 81' lang='lat' dir='ltr'><strong>Lites</strong></span> <span class='ocrx_word' id='word_1_266' title='bbox 1866 700 2150 763; x_wconf 80' lang='lat' dir='ltr'><strong>Foemineus]</strong></span> <span class='ocrx_word' id='word_1_267' title='bbox 2183 700 2416 747; x_wconf 84' lang='lat' dir='ltr'><strong>Moribus</strong></span> <span class='ocrx_word' id='word_1_268' title='bbox 2450 700 2585 748; x_wconf 85' lang='lat' dir='ltr'><strong>enim</strong></span> <span class='ocrx_word' id='word_1_269' title='bbox 2618 698 2703 746; x_wconf 83' lang='lat' dir='ltr'><strong>in·-</strong></span> 
     </span>
     <span class='ocr_line' id='line_1_56' title="bbox 1638 776 2705 839; baseline -0.005 -12"><span class='ocrx_word' id='word_1_270' title='bbox 1638 779 1933 827; x_wconf 85' lang='lat' dir='ltr'><strong>troductum</strong></span> <span class='ocrx_word' id='word_1_271' title='bbox 1960 782 2094 837; x_wconf 84' lang='lat' dir='ltr'><strong>erat,</strong></span> <span class='ocrx_word' id='word_1_272' title='bbox 2116 790 2181 824; x_wconf 87' lang='lat' dir='ltr'><strong>ne</strong></span> <span class='ocrx_word' id='word_1_273' title='bbox 2205 777 2391 825; x_wconf 87' lang='lat' dir='ltr'><strong>mulier</strong></span> <span class='ocrx_word' id='word_1_274' title='bbox 2417 776 2705 839; x_wconf 79' lang='lat' dir='ltr'><strong>judicaret,</strong></span> 
     </span>
     <span class='ocr_line' id='line_1_57' title="bbox 1641 839 2703 903; baseline 0 -1"><span class='ocrx_word' id='word_1_275' title='bbox 1641 860 1730 902; x_wconf 88' lang='lat' dir='ltr'><strong>aut</strong></span> <span class='ocrx_word' id='word_1_276' title='bbox 1774 851 1958 903; x_wconf 81' lang='lat' dir='ltr'><strong>officiis</strong></span> <span class='ocrx_word' id='word_1_277' title='bbox 1996 839 2237 901; x_wconf 77' lang='lat' dir='ltr'><strong>civilibus</strong></span> <span class='ocrx_word' id='word_1_278' title='bbox 2278 850 2333 900; x_wconf 84' lang='lat' dir='ltr'><strong>se</strong></span> <span class='ocrx_word' id='word_1_279' title='bbox 2378 852 2703 902; x_wconf 76' lang='lat' dir='ltr'><strong>immisceret.</strong></span> 
     </span>
     <span class='ocr_line' id='line_1_58' title="bbox 1642 930 2468 977; baseline -0.004 0"><span class='ocrx_word' id='word_1_280' title='bbox 1642 930 1828 977; x_wconf 79' lang='lat' dir='ltr'><strong>Cluver.</strong></span> <span class='ocrx_word' id='word_1_281' title='bbox 2464 936 2468 941; x_wconf 83' lang='lat'><strong>·</strong></span> 
     </span>
    </p>

    <p class='ocr_par' dir='ltr' id='par_1_15' title="bbox 1640 1002 2708 1357">
     <span class='ocr_line' id='line_1_59' title="bbox 1704 1002 2703 1065; baseline -0.003 -13"><span class='ocrx_word' id='word_1_282' title='bbox 1704 1008 1802 1053; x_wconf 74' lang='grc'><strong>223</strong></span> <span class='ocrx_word' id='word_1_283' title='bbox 1858 1002 2146 1065; x_wconf 72' lang='lat' dir='ltr'><strong>Femineas]</strong></span> <span class='ocrx_word' id='word_1_284' title='bbox 2203 1002 2244 1049; x_wconf 85' lang='grc' dir='ltr'>Α</span> <span class='ocrx_word' id='word_1_285' title='bbox 2289 1002 2507 1051; x_wconf 85' lang='lat' dir='ltr'><strong>mollitie</strong></span> <span class='ocrx_word' id='word_1_286' title='bbox 2546 1002 2703 1063; x_wconf 86' lang='lat' dir='ltr'><strong>enim,</strong></span> 
     </span>
     <span class='ocr_line' id='line_1_60' title="bbox 1640 1078 2705 1144; baseline -0.004 -15"><span class='ocrx_word' id='word_1_287' title='bbox 1640 1090 1742 1129; x_wconf 86' lang='lat' dir='ltr'><strong>non</strong></span> <span class='ocrx_word' id='word_1_288' title='bbox 1766 1094 1911 1142; x_wconf 82' lang='lat' dir='ltr'><strong>sexu,</strong></span> <span class='ocrx_word' id='word_1_289' title='bbox 1932 1094 2083 1144; x_wconf 83' lang='lat' dir='ltr'><strong>quem</strong></span> <span class='ocrx_word' id='word_1_290' title='bbox 2120 1092 2329 1142; x_wconf 88' lang='lat' dir='ltr'><strong>prorsus</strong></span> <span class='ocrx_word' id='word_1_291' title='bbox 2366 1085 2477 1127; x_wconf 86' lang='lat' dir='ltr'><strong>tum</strong></span> <span class='ocrx_word' id='word_1_292' title='bbox 2508 1078 2705 1127; x_wconf 84' lang='lat' dir='ltr'><strong>nullum</strong></span> 
     </span>
     <span class='ocr_line' id='line_1_61' title="bbox 1640 1152 2704 1217; baseline -0.002 -13"><span class='ocrx_word' id='word_1_293' title='bbox 1640 1155 1887 1217; x_wconf 80' lang='lat' dir='ltr'><strong>habebat,</strong></span> <span class='ocrx_word' id='word_1_294' title='bbox 1907 1156 2212 1205; x_wconf 83' lang='lat' dir='ltr'><strong>Eunuchum</strong></span> <span class='ocrx_word' id='word_1_295' title='bbox 2252 1163 2407 1203; x_wconf 81' lang='lat' dir='ltr'><strong>vocat</strong></span> <span class='ocrx_word' id='word_1_296' title='bbox 2426 1152 2704 1203; x_wconf 81' lang='lat' dir='ltr'><strong>foeminam.</strong></span> 
     </span>
     <span class='ocr_line' id='line_1_62' title="bbox 1640 1228 2708 1293; baseline -0.003 -14"><span class='ocrx_word' id='word_1_297' title='bbox 1640 1231 1728 1280; x_wconf 90' lang='lat' dir='ltr'><strong>Sic</strong></span> <span class='ocrx_word' id='word_1_298' title='bbox 1756 1228 1987 1290; x_wconf 78' lang='lat' dir='ltr'><strong>foemiueu</strong></span> <span class='ocrx_word' id='word_1_299' title='bbox 2017 1230 2189 1279; x_wconf 86' lang='lat' dir='ltr'><strong>omnia</strong></span> <span class='ocrx_word' id='word_1_300' title='bbox 2229 1244 2345 1293; x_wconf 79' lang='lat' dir='ltr'><strong>quae</strong></span> <span class='ocrx_word' id='word_1_301' title='bbox 2379 1230 2519 1277; x_wconf 79' lang='lat' dir='ltr'><strong>viros</strong></span> <span class='ocrx_word' id='word_1_302' title='bbox 2540 1228 2708 1277; x_wconf 65' lang='lat' dir='ltr'><strong>dede-</strong></span> 
     </span>
     <span class='ocr_line' id='line_1_63' title="bbox 1643 1308 1995 1357; baseline -0.006 0"><span class='ocrx_word' id='word_1_303' title='bbox 1643 1314 1782 1357; x_wconf 85' lang='lat' dir='ltr'><strong>cent.</strong></span> <span class='ocrx_word' id='word_1_304' title='bbox 1815 1308 1995 1355; x_wconf 74' lang='lat' dir='ltr'><strong>Barth.</strong></span> 
     </span>
    </p>

    <p class='ocr_par' dir='ltr' id='par_1_16' title="bbox 1642 1378 2712 1809">
     <span class='ocr_line' id='line_1_64' title="bbox 1706 1378 2707 1445; baseline -0.005 -13"><span class='ocrx_word' id='word_1_305' title='bbox 1706 1388 1803 1433; x_wconf 79' lang='grc'><strong>234</strong></span> <span class='ocrx_word' id='word_1_306' title='bbox 1839 1381 2037 1445; x_wconf 77' lang='lat' dir='ltr'><strong>Forum]</strong></span> <span class='ocrx_word' id='word_1_307' title='bbox 2084 1380 2365 1440; x_wconf 82' lang='lat' dir='ltr'><strong>Judicium,</strong></span> <span class='ocrx_word' id='word_1_308' title='bbox 2386 1378 2707 1443; x_wconf 78' lang='lat' dir='ltr'><strong>jurisdictio-</strong></span> 
     </span>
     <span class='ocr_line' id='line_1_65' title="bbox 1642 1454 2711 1520; baseline -0.004 -14"><span class='ocrx_word' id='word_1_309' title='bbox 1642 1472 1779 1507; x_wconf 87' lang='lat' dir='ltr'><strong>nem.</strong></span> <span class='ocrx_word' id='word_1_310' title='bbox 1812 1458 2099 1520; x_wconf 83' lang='lat' dir='ltr'><strong>Juvenalis,</strong></span> <span class='ocrx_word' id='word_1_311' title='bbox 2114 1459 2219 1507; x_wconf 90' lang='lat' dir='ltr'><strong>Sat.</strong></span> <span class='ocrx_word' id='word_1_312' title='bbox 2236 1470 2301 1507; x_wconf 87' lang='lat'><strong>11.</strong></span> <span class='ocrx_word' id='word_1_313' title='bbox 2335 1454 2711 1518; x_wconf 78' lang='lat' dir='ltr'><strong>Prosopopoeia</strong></span> 
     </span>
     <span class='ocr_line' id='line_1_66' title="bbox 1644 1531 2707 1597; baseline -0.006 -14"><span class='ocrx_word' id='word_1_314' title='bbox 1644 1533 1873 1583; x_wconf 86' lang='lat' dir='ltr'><strong>mulieris</strong></span> <span class='ocrx_word' id='word_1_315' title='bbox 1911 1534 2199 1597; x_wconf 86' lang='lat' dir='ltr'><strong>loquentis:</strong></span> <span class='ocrx_word' id='word_1_316' title='bbox 2254 1534 2271 1559; x_wconf 90' lang='lat'>‘</span> <span class='ocrx_word' id='word_1_317' title='bbox 2307 1531 2572 1594; x_wconf 84' lang='lat' dir='ltr'><strong>Numquid</strong></span> <span class='ocrx_word' id='word_1_318' title='bbox 2616 1542 2707 1577; x_wconf 85' lang='lat' dir='ltr'><strong>nos</strong></span> 
     </span>
     <span class='ocr_line' id='line_1_67' title="bbox 1646 1607 2710 1672; baseline -0.004 -15"><span class='ocrx_word' id='word_1_319' title='bbox 1646 1609 1841 1672; x_wconf 80' lang='lat' dir='ltr'><strong>agimus</strong></span> <span class='ocrx_word' id='word_1_320' title='bbox 1866 1622 2090 1668; x_wconf 82' lang='lat' dir='ltr'><strong>caussas,</strong></span> <span class='ocrx_word' id='word_1_321' title='bbox 2112 1608 2287 1657; x_wconf 85' lang='lat' dir='ltr'><strong>civilia</strong></span> <span class='ocrx_word' id='word_1_322' title='bbox 2298 1607 2419 1671; x_wconf 86' lang='lat' dir='ltr'><strong>jura</strong></span> <span class='ocrx_word' id='word_1_323' title='bbox 2441 1607 2710 1667; x_wconf 83' lang='lat' dir='ltr'><strong>Novimus,</strong></span> 
     </span>
     <span class='ocr_line' id='line_1_68' title="bbox 1646 1682 2712 1748; baseline -0.003 -16"><span class='ocrx_word' id='word_1_324' title='bbox 1646 1690 1738 1732; x_wconf 85' lang='lat' dir='ltr'><strong>aut</strong></span> <span class='ocrx_word' id='word_1_325' title='bbox 1777 1684 1881 1732; x_wconf 84' lang='lat' dir='ltr'><strong>ullo</strong></span> <span class='ocrx_word' id='word_1_326' title='bbox 1919 1683 2141 1748; x_wconf 86' lang='lat' dir='ltr'><strong>strepitu</strong></span> <span class='ocrx_word' id='word_1_327' title='bbox 2178 1682 2290 1732; x_wconf 83' lang='lat' dir='ltr'><strong>fora</strong></span> <span class='ocrx_word' id='word_1_328' title='bbox 2329 1686 2501 1734; x_wconf 79' lang='lat' dir='ltr'><strong>vestra</strong></span> <span class='ocrx_word' id='word_1_329' title='bbox 2540 1694 2712 1729; x_wconf 75' lang='lat' dir='ltr'><strong>move-</strong></span> 
     </span>
     <span class='ocr_line' id='line_1_69' title="bbox 1646 1759 1991 1809; baseline 0.006 -2"><span class='ocrx_word' id='word_1_330' title='bbox 1646 1774 1755 1807; x_wconf 84' lang='lat' dir='ltr'><strong>mus</strong></span> <span class='ocrx_word' id='word_1_331' title='bbox 1770 1759 1808 1807; x_wconf 84' lang='lat'><strong>?’</strong></span> <span class='ocrx_word' id='word_1_332' title='bbox 1841 1760 1991 1809; x_wconf 79' lang='lat' dir='ltr'><strong>Idem.</strong></span> 
     </span>
    </p>

    <p class='ocr_par' dir='ltr' id='par_1_17' title="bbox 1648 1833 2715 2051">
     <span class='ocr_line' id='line_1_70' title="bbox 1712 1833 2713 1900; baseline -0.002 -15"><span class='ocrx_word' id='word_1_333' title='bbox 1712 1840 1813 1885; x_wconf 81' lang='grc'><strong>236</strong></span> <span class='ocrx_word' id='word_1_334' title='bbox 1854 1837 2065 1900; x_wconf 77' lang='lat' dir='ltr'><strong>Violure]</strong></span> <span class='ocrx_word' id='word_1_335' title='bbox 2098 1835 2147 1886; x_wconf 88' lang='lat' dir='ltr'><strong>A</strong></span> <span class='ocrx_word' id='word_1_336' title='bbox 2171 1836 2323 1885; x_wconf 86' lang='lat' dir='ltr'><strong>rebus</strong></span> <span class='ocrx_word' id='word_1_337' title='bbox 2346 1834 2540 1898; x_wconf 86' lang='lat' dir='ltr'><strong>nuptis.</strong></span> <span class='ocrx_word' id='word_1_338' title='bbox 2588 1833 2713 1883; x_wconf 84' lang='lat' dir='ltr'><strong>Vio-</strong></span> 
     </span>
     <span class='ocr_line' id='line_1_71' title="bbox 1648 1911 2715 1976; baseline -0.002 -15"><span class='ocrx_word' id='word_1_339' title='bbox 1648 1914 1745 1961; x_wconf 85' lang='lat' dir='ltr'><strong>lari</strong></span> <span class='ocrx_word' id='word_1_340' title='bbox 1766 1914 2038 1976; x_wconf 84' lang='lat' dir='ltr'><strong>propritim</strong></span> <span class='ocrx_word' id='word_1_341' title='bbox 2078 1912 2271 1962; x_wconf 89' lang='lat' dir='ltr'><strong>dicitur</strong></span> <span class='ocrx_word' id='word_1_342' title='bbox 2308 1912 2477 1974; x_wconf 84' lang='lat' dir='ltr'><strong>virgo,</strong></span> <span class='ocrx_word' id='word_1_343' title='bbox 2512 1911 2598 1960; x_wconf 87' lang='lat' dir='ltr'><strong>cui</strong></span> <span class='ocrx_word' id='word_1_344' title='bbox 2623 1924 2715 1974; x_wconf 76' lang='lat' dir='ltr'><strong>pu·</strong></span> 
     </span>
     <span class='ocr_line' id='line_1_72' title="bbox 1651 1986 2339 2051; baseline -0.004 -14"><span class='ocrx_word' id='word_1_345' title='bbox 1651 1987 1747 2037; x_wconf 87' lang='lat' dir='ltr'><strong>(lor</strong></span> <span class='ocrx_word' id='word_1_346' title='bbox 1768 1993 2125 2051; x_wconf 84' lang='lat' dir='ltr'><strong>extorquetur.</strong></span> <span class='ocrx_word' id='word_1_347' title='bbox 2161 1986 2339 2035; x_wconf 76' lang='lat' dir='ltr'><strong>Barth.</strong></span> 
     </span>
    </p>

    <p class='ocr_par' dir='ltr' id='par_1_18' title="bbox 1652 2060 2722 2741">
     <span class='ocr_line' id='line_1_73' title="bbox 1717 2060 2715 2127; baseline -0.004 -14"><span class='ocrx_word' id='word_1_348' title='bbox 1717 2066 2035 2127; x_wconf 77' lang='lat' dir='ltr'><strong>Portentuque</strong></span> <span class='ocrx_word' id='word_1_349' title='bbox 2084 2063 2307 2112; x_wconf 75' lang='lat' dir='ltr'><strong>monstris</strong></span> <span class='ocrx_word' id='word_1_350' title='bbox 2354 2061 2598 2125; x_wconf 74' lang='lat' dir='ltr'><strong>Agger-at]</strong></span> <span class='ocrx_word' id='word_1_351' title='bbox 2650 2060 2715 2110; x_wconf 77' lang='lat' dir='ltr'><strong>ld</strong></span> 
     </span>
     <span class='ocr_line' id='line_1_74' title="bbox 1652 2138 2717 2201; baseline -0.002 -13"><span class='ocrx_word' id='word_1_352' title='bbox 1652 2145 1754 2201; x_wconf 89' lang='lat' dir='ltr'><strong>est,</strong></span> <span class='ocrx_word' id='word_1_353' title='bbox 1792 2140 2112 2189; x_wconf 86' lang='lat' dir='ltr'><strong>accumulat:</strong></span> <span class='ocrx_word' id='word_1_354' title='bbox 2161 2138 2237 2187; x_wconf 88' lang='lat' dir='ltr'><strong>sic</strong></span> <span class='ocrx_word' id='word_1_355' title='bbox 2278 2138 2479 2201; x_wconf 87' lang='lat' dir='ltr'><strong>scripti.</strong></span> <span class='ocrx_word' id='word_1_356' title='bbox 2542 2138 2717 2201; x_wconf 84' lang='lat' dir='ltr'><strong>Vulgo</strong></span> 
     </span>
     <span class='ocr_line' id='line_1_75' title="bbox 1653 2212 2719 2278; baseline -0.003 -14"><span class='ocrx_word' id='word_1_357' title='bbox 1653 2219 1917 2278; x_wconf 74' lang='lat' dir='ltr'><strong>oggi-egat.-</strong></span> <span class='ocrx_word' id='word_1_358' title='bbox 1950 2212 2087 2263; x_wconf 82' lang='lat' dir='ltr'><strong>infra</strong></span> <span class='ocrx_word' id='word_1_359' title='bbox 2108 2213 2198 2262; x_wconf 88' lang='lat' dir='ltr'><strong>lib.</strong></span> <span class='ocrx_word' id='word_1_360' title='bbox 2220 2227 2284 2262; x_wconf 80' lang='grc' dir='ltr'><strong>ιι.</strong></span> <span class='ocrx_word' id='word_1_361' title='bbox 2318 2213 2334 2239; x_wconf 85' lang='lat'>‘</span> <span class='ocrx_word' id='word_1_362' title='bbox 2358 2213 2589 2262; x_wconf 79' lang='lat' dir='ltr'><strong>cumulis</strong></span> <span class='ocrx_word' id='word_1_363' title='bbox 2625 2212 2719 2261; x_wconf 88' lang='lat' dir='ltr'><strong>im·</strong></span> 
     </span>
     <span class='ocr_line' id='line_1_76' title="bbox 1652 2288 2722 2355; baseline -0.004 -14"><span class='ocrx_word' id='word_1_364' title='bbox 1652 2292 1887 2341; x_wconf 87' lang='lat' dir='ltr'><strong>manibus</strong></span> <span class='ocrx_word' id='word_1_365' title='bbox 1904 2298 2122 2355; x_wconf 84' lang='lat' dir='ltr'><strong>aggerat</strong></span> <span class='ocrx_word' id='word_1_366' title='bbox 2138 2288 2335 2339; x_wconf 66' lang='lat' dir='ltr'><strong>undas!</strong></span> <span class='ocrx_word' id='word_1_367' title='bbox 2366 2289 2584 2353; x_wconf 80' lang='lat' dir='ltr'><strong>Virgilio</strong></span> <span class='ocrx_word' id='word_1_368' title='bbox 2598 2302 2722 2353; x_wconf 88' lang='lat' dir='ltr'><strong>quo-</strong></span> 
     </span>
     <span class='ocr_line' id='line_1_77' title="bbox 1654 2364 2720 2431; baseline -0.003 -15"><span class='ocrx_word' id='word_1_369' title='bbox 1654 2381 1756 2431; x_wconf 86' lang='lat' dir='ltr'><strong>que</strong></span> <span class='ocrx_word' id='word_1_370' title='bbox 1796 2366 2043 2416; x_wconf 87' lang='lat' dir='ltr'><strong>usitatum</strong></span> <span class='ocrx_word' id='word_1_371' title='bbox 2090 2365 2143 2413; x_wconf 89' lang='lat' dir='ltr'><strong>id</strong></span> <span class='ocrx_word' id='word_1_372' title='bbox 2188 2366 2427 2416; x_wconf 85' lang='lat' dir='ltr'><strong>verbum:</strong></span> <span class='ocrx_word' id='word_1_373' title='bbox 2478 2364 2720 2429; x_wconf 85' lang='lat' dir='ltr'><strong>sequenti</strong></span> 
     </span>
     <span class='ocr_line' id='line_1_78' title="bbox 1654 2439 2719 2507; baseline -0.003 -14"><span class='ocrx_word' id='word_1_374' title='bbox 1654 2458 1806 2493; x_wconf 81' lang='lat' dir='ltr'><strong>versu</strong></span> <span class='ocrx_word' id='word_1_375' title='bbox 1826 2458 1989 2493; x_wconf 75' lang='lat' dir='ltr'><strong>auersa</strong></span> <span class='ocrx_word' id='word_1_376' title='bbox 2012 2457 2105 2507; x_wconf 87' lang='lat' dir='ltr'><strong>pro</strong></span> <span class='ocrx_word' id='word_1_377' title='bbox 2136 2445 2334 2491; x_wconf 71' lang='lat' dir='ltr'><strong>aduersu</strong></span> <span class='ocrx_word' id='word_1_378' title='bbox 2372 2443 2589 2491; x_wconf 84' lang='lat' dir='ltr'><strong>Lucens.</strong></span> <span class='ocrx_word' id='word_1_379' title='bbox 2610 2439 2719 2503; x_wconf 80' lang='lat' dir='ltr'><strong>Gy·</strong></span> 
     </span>
     <span class='ocr_line' id='line_1_79' title="bbox 1654 2515 2719 2584; baseline -0.006 -14"><span class='ocrx_word' id='word_1_380' title='bbox 1654 2520 1785 2570; x_wconf 87' lang='lat' dir='ltr'><strong>rald.</strong></span> <span class='ocrx_word' id='word_1_381' title='bbox 1811 2520 1960 2584; x_wconf 86' lang='lat' dir='ltr'><strong>prim.</strong></span> <span class='ocrx_word' id='word_1_382' title='bbox 1992 2518 2161 2568; x_wconf 88' lang='lat' dir='ltr'><strong>Vatic.</strong></span> <span class='ocrx_word' id='word_1_383' title='bbox 2202 2517 2443 2580; x_wconf 84' lang='lat' dir='ltr'><strong>Isingrin.</strong></span> <span class='ocrx_word' id='word_1_384' title='bbox 2484 2524 2539 2565; x_wconf 87' lang='lat' dir='ltr'><strong>et</strong></span> <span class='ocrx_word' id='word_1_385' title='bbox 2562 2515 2719 2565; x_wconf 86' lang='lat' dir='ltr'><strong>uude-</strong></span> 
     </span>
     <span class='ocr_line' id='line_1_80' title="bbox 1654 2594 2717 2657; baseline -0.003 -13"><span class='ocrx_word' id='word_1_386' title='bbox 1654 2597 1757 2645; x_wconf 88' lang='lat' dir='ltr'><strong>cim</strong></span> <span class='ocrx_word' id='word_1_387' title='bbox 1778 2610 1843 2645; x_wconf 75' lang='lat' dir='ltr'><strong>ex</strong></span> <span class='ocrx_word' id='word_1_388' title='bbox 1867 2595 2075 2645; x_wconf 85' lang='lat' dir='ltr'><strong>nostris.</strong></span> <span class='ocrx_word' id='word_1_389' title='bbox 2122 2594 2405 2657; x_wconf 78' lang='lat' dir='ltr'><strong>Ignomiuiae</strong></span> <span class='ocrx_word' id='word_1_390' title='bbox 2436 2594 2593 2641; x_wconf 68' lang='lat' dir='ltr'><strong>etiam</strong></span> <span class='ocrx_word' id='word_1_391' title='bbox 2618 2606 2717 2656; x_wconf 83' lang='lat' dir='ltr'><strong>pro</strong></span> 
     </span>
     <span class='ocr_line' id='line_1_81' title="bbox 1654 2670 2413 2741; baseline -0.001 -22"><span class='ocrx_word' id='word_1_392' title='bbox 1654 2672 1925 2741; x_wconf 60' lang='lat' dir='ltr'><strong>Ignominia</strong></span> <span class='ocrx_word' id='word_1_393' title='bbox 1947 2670 2117 2721; x_wconf 87' lang='lat' dir='ltr'><strong>iidem.</strong></span> <span class='ocrx_word' id='word_1_394' title='bbox 2151 2671 2219 2721; x_wconf 87' lang='lat' dir='ltr'><strong>D.</strong></span> <span class='ocrx_word' id='word_1_395' title='bbox 2243 2670 2413 2719; x_wconf 81' lang='lat' dir='ltr'><strong>Heius.</strong></span> 
     </span>
    </p>

    <p class='ocr_par' dir='ltr' id='par_1_19' title="bbox 1654 2746 2724 3347">
     <span class='ocr_line' id='line_1_82' title="bbox 1718 2746 2721 2810; baseline -0.003 -12"><span class='ocrx_word' id='word_1_396' title='bbox 1718 2752 1813 2798; x_wconf 75' lang='lat'><strong>23⁷</strong></span> <span class='ocrx_word' id='word_1_397' title='bbox 1848 2746 2018 2797; x_wconf 81' lang='lat' dir='ltr'><strong>Secum</strong></span> <span class='ocrx_word' id='word_1_398' title='bbox 2051 2748 2267 2810; x_wconf 78' lang='lat' dir='ltr'><strong>petulans</strong></span> <span class='ocrx_word' id='word_1_399' title='bbox 2301 2746 2509 2795; x_wconf 70' lang='lat' dir='ltr'><strong>ammio</strong></span> <span class='ocrx_word' id='word_1_400' title='bbox 2544 2746 2721 2809; x_wconf 72' lang='lat' dir='ltr'><strong>certat]</strong></span> 
     </span>
     <span class='ocr_line' id='line_1_83' title="bbox 1654 2821 2723 2884; baseline -0.004 -11"><span class='ocrx_word' id='word_1_401' title='bbox 1654 2824 1845 2873; x_wconf 86' lang='lat' dir='ltr'><strong>Utrum</strong></span> <span class='ocrx_word' id='word_1_402' title='bbox 1868 2823 2115 2871; x_wconf 81' lang='lat' dir='ltr'><strong>&#39;videlicet</strong></span> <span class='ocrx_word' id='word_1_403' title='bbox 2130 2821 2383 2871; x_wconf 75' lang='lat' dir='ltr'><strong>ementior</strong></span> <span class='ocrx_word' id='word_1_404' title='bbox 2400 2836 2465 2869; x_wconf 87' lang='lat' dir='ltr'><strong>an</strong></span> <span class='ocrx_word' id='word_1_405' title='bbox 2486 2822 2723 2884; x_wconf 83' lang='lat' dir='ltr'><strong>petulan-</strong></span> 
     </span>
     <span class='ocr_line' id='line_1_84' title="bbox 1655 2896 2721 2961; baseline -0.006 -10"><span class='ocrx_word' id='word_1_406' title='bbox 1655 2901 1759 2951; x_wconf 87' lang='lat' dir='ltr'><strong>tior</strong></span> <span class='ocrx_word' id='word_1_407' title='bbox 1780 2902 1851 2950; x_wconf 87' lang='lat' dir='ltr'><strong>sit</strong></span> <span class='ocrx_word' id='word_1_408' title='bbox 1886 2900 2051 2948; x_wconf 87' lang='lat' dir='ltr'><strong>omnis</strong></span> <span class='ocrx_word' id='word_1_409' title='bbox 2090 2898 2346 2961; x_wconf 76' lang='lat' dir='ltr'><strong>cupiditas</strong></span> <span class='ocrx_word' id='word_1_410' title='bbox 2374 2903 2433 2946; x_wconf 89' lang='lat' dir='ltr'><strong>et</strong></span> <span class='ocrx_word' id='word_1_411' title='bbox 2453 2896 2721 2946; x_wconf 82' lang='lat' dir='ltr'><strong>scelerosi-</strong></span> 
     </span>
     <span class='ocr_line' id='line_1_85' title="bbox 1657 2970 2721 3035; baseline -0.005 -10"><span class='ocrx_word' id='word_1_412' title='bbox 1657 2984 1737 3026; x_wconf 87' lang='lat' dir='ltr'><strong>tas</strong></span> <span class='ocrx_word' id='word_1_413' title='bbox 1760 2976 1991 3025; x_wconf 86' lang='lat' dir='ltr'><strong>hominis.</strong></span> <span class='ocrx_word' id='word_1_414' title='bbox 2046 2976 2167 3023; x_wconf 90' lang='lat' dir='ltr'><strong>Duo</strong></span> <span class='ocrx_word' id='word_1_415' title='bbox 2182 2978 2302 3022; x_wconf 84' lang='lat' dir='ltr'><strong>sunt</strong></span> <span class='ocrx_word' id='word_1_416' title='bbox 2324 2972 2467 3032; x_wconf 87' lang='lat' dir='ltr'><strong>vitia,</strong></span> <span class='ocrx_word' id='word_1_417' title='bbox 2490 2970 2721 3035; x_wconf 75' lang='lat' dir='ltr'><strong>qnae‘ad-</strong></span> 
     </span>
     <span class='ocr_line' id='line_1_86' title="bbox 1658 3046 2721 3114; baseline -0.006 -13"><span class='ocrx_word' id='word_1_418' title='bbox 1658 3067 1811 3101; x_wconf 81' lang='lat' dir='ltr'><strong>versa</strong></span> <span class='ocrx_word' id='word_1_419' title='bbox 1828 3052 1981 3114; x_wconf 86' lang='lat' dir='ltr'><strong>fiunt,</strong></span> <span class='ocrx_word' id='word_1_420' title='bbox 2002 3050 2122 3099; x_wconf 88' lang='lat' dir='ltr'><strong>dum</strong></span> <span class='ocrx_word' id='word_1_421' title='bbox 2146 3064 2311 3110; x_wconf 87' lang='lat' dir='ltr'><strong>mens,</strong></span> <span class='ocrx_word' id='word_1_422' title='bbox 2333 3048 2481 3097; x_wconf 86' lang='lat' dir='ltr'><strong>ebria</strong></span> <span class='ocrx_word' id='word_1_423' title='bbox 2494 3046 2721 3097; x_wconf 77' lang='lat' dir='ltr'><strong>fortunae</strong></span> 
     </span>
     <span class='ocr_line' id='line_1_87' title="bbox 1658 3124 2722 3192; baseline -0.005 -14"><span class='ocrx_word' id='word_1_424' title='bbox 1658 3127 1857 3192; x_wconf 82' lang='lat' dir='ltr'><strong>favore,</strong></span> <span class='ocrx_word' id='word_1_425' title='bbox 1877 3128 2081 3177; x_wconf 85' lang='lat' dir='ltr'><strong>dubitat</strong></span> <span class='ocrx_word' id='word_1_426' title='bbox 2102 3134 2273 3176; x_wconf 83' lang='lat' dir='ltr'><strong>utrum</strong></span> <span class='ocrx_word' id='word_1_427' title='bbox 2308 3124 2643 3189; x_wconf 83' lang='lat' dir='ltr'><strong>petulantius·</strong></span> <span class='ocrx_word' id='word_1_428' title='bbox 2656 3136 2722 3173; x_wconf 84' lang='lat' dir='ltr'><strong>an</strong></span> 
     </span>
     <span class='ocr_line' id='line_1_88' title="bbox 1660 3200 2724 3268; baseline -0.004 -13"><span class='ocrx_word' id='word_1_429' title='bbox 1660 3206 1895 3256; x_wconf 84' lang='lat' dir='ltr'><strong>stolidius</strong></span> <span class='ocrx_word' id='word_1_430' title='bbox 1918 3206 2075 3268; x_wconf 80' lang='lat' dir='ltr'><strong>vivat,</strong></span> <span class='ocrx_word' id='word_1_431' title='bbox 2112 3204 2327 3254; x_wconf 84' lang='lat' dir='ltr'><strong>licentia</strong></span> <span class='ocrx_word' id='word_1_432' title='bbox 2360 3203 2485 3252; x_wconf 85' lang='lat' dir='ltr'><strong>data</strong></span> <span class='ocrx_word' id='word_1_433' title='bbox 2520 3216 2613 3265; x_wconf 86' lang='lat' dir='ltr'><strong>per</strong></span> <span class='ocrx_word' id='word_1_434' title='bbox 2642 3200 2724 3251; x_wconf 77' lang='lat' dir='ltr'><strong>fas</strong></span> 
     </span>
     <span class='ocr_line' id='line_1_89' title="bbox 1662 3278 2442 3347; baseline -0.006 -16"><span class='ocrx_word' id='word_1_435' title='bbox 1662 3282 1909 3347; x_wconf 85' lang='lat' dir='ltr'><strong>nefasque</strong></span> <span class='ocrx_word' id='word_1_436' title='bbox 1931 3280 2232 3331; x_wconf 86' lang='lat' dir='ltr'><strong>bacchandi.</strong></span> <span class='ocrx_word' id='word_1_437' title='bbox 2270 3278 2442 3327; x_wconf 73' lang='lat' dir='ltr'><strong>Barth.</strong></span> 
     </span>
    </p>

    <p class='ocr_par' dir='ltr' id='par_1_20' title="bbox 1658 3352 2724 3571">
     <span class='ocr_line' id='line_1_90' title="bbox 1726 3352 2723 3415; baseline -0.007 -7"><span class='ocrx_word' id='word_1_438' title='bbox 1726 3362 1823 3407; x_wconf 77' lang='grc'>288</span> <span class='ocrx_word' id='word_1_439' title='bbox 1860 3357 2066 3407; x_wconf 77' lang='lat' dir='ltr'><strong>Erubuit</strong></span> <span class='ocrx_word' id='word_1_440' title='bbox 2091 3353 2309 3415; x_wconf 78' lang='lat' dir='ltr'><strong>Mavors]</strong></span> <span class='ocrx_word' id='word_1_441' title='bbox 2348 3354 2505 3401; x_wconf 87' lang='lat' dir='ltr'><strong>Mista</strong></span> <span class='ocrx_word' id='word_1_442' title='bbox 2529 3352 2723 3415; x_wconf 85' lang='lat' dir='ltr'><strong>pudore</strong></span> 
     </span>
     <span class='ocr_line' id='line_1_91' title="bbox 1658 3427 2724 3496; baseline -0.006 -13"><span class='ocrx_word' id='word_1_443' title='bbox 1658 3434 1943 3495; x_wconf 86' lang='lat' dir='ltr'><strong>iracundia,</strong></span> <span class='ocrx_word' id='word_1_444' title='bbox 1980 3446 2197 3496; x_wconf 87' lang='lat' dir='ltr'><strong>quorum</strong></span> <span class='ocrx_word' id='word_1_445' title='bbox 2242 3427 2537 3478; x_wconf 84' lang='lat' dir='ltr'><strong>adfectuum</strong></span> <span class='ocrx_word' id='word_1_446' title='bbox 2582 3433 2724 3477; x_wconf 87' lang='lat' dir='ltr'><strong>uter-</strong></span> 
     </span>
     <span class='ocr_line' id='line_1_92' title="bbox 1660 3506 2208 3571; baseline -0.005 -14"><span class='ocrx_word' id='word_1_447' title='bbox 1660 3522 1760 3571; x_wconf 87' lang='lat' dir='ltr'><strong>que</strong></span> <span class='ocrx_word' id='word_1_448' title='bbox 1782 3506 1969 3557; x_wconf 84' lang='lat' dir='ltr'><strong>faciem</strong></span> <span class='ocrx_word' id='word_1_449' title='bbox 1992 3507 2208 3555; x_wconf 78' lang='lat' dir='ltr'><strong>colorat.</strong></span> 
     </span>
    </p>

    <p class='ocr_par' dir='ltr' id='par_1_21' title="bbox 1726 3580 2725 3645">
     <span class='ocr_line' id='line_1_93' title="bbox 1726 3580 2725 3645; baseline -0.001 -14"><span class='ocrx_word' id='word_1_450' title='bbox 1726 3583 2030 3645; x_wconf 67' lang='lat' dir='ltr'><strong>Adon-suque</strong></span> <span class='ocrx_word' id='word_1_451' title='bbox 2050 3580 2163 3630; x_wconf 76' lang='lat' dir='ltr'><strong>risit</strong></span> <span class='ocrx_word' id='word_1_452' title='bbox 2184 3580 2345 3644; x_wconf 76' lang='lat' dir='ltr'><strong>Enyo]</strong></span> <span class='ocrx_word' id='word_1_453' title='bbox 2391 3580 2637 3630; x_wconf 84' lang='lat' dir='ltr'><strong>Gaudens</strong></span> <span class='ocrx_word' id='word_1_454' title='bbox 2660 3581 2725 3630; x_wconf 88' lang='lat' dir='ltr'><strong>si-</strong></span> 
     </span>
    </p>

    <p class='ocr_par' dir='ltr' id='par_1_22' title="bbox 1660 3656 2731 4175">
     <span class='ocr_line' id='line_1_94' title="bbox 1660 3656 2726 3719; baseline -0.002 -12"><span class='ocrx_word' id='word_1_455' title='bbox 1660 3658 1764 3707; x_wconf 88' lang='lat' dir='ltr'><strong>mul</strong></span> <span class='ocrx_word' id='word_1_456' title='bbox 1800 3658 1867 3706; x_wconf 90' lang='lat' dir='ltr'><strong>ob</strong></span> <span class='ocrx_word' id='word_1_457' title='bbox 1908 3656 2087 3707; x_wconf 88' lang='lat' dir='ltr'><strong>turbas</strong></span> <span class='ocrx_word' id='word_1_458' title='bbox 2125 3656 2339 3719; x_wconf 84' lang='lat' dir='ltr'><strong>dandas,</strong></span> <span class='ocrx_word' id='word_1_459' title='bbox 2372 3662 2428 3705; x_wconf 88' lang='lat' dir='ltr'><strong>et</strong></span> <span class='ocrx_word' id='word_1_460' title='bbox 2458 3670 2726 3719; x_wconf 82' lang='lat' dir='ltr'><strong>opponens</strong></span> 
     </span>
     <span class='ocr_line' id='line_1_95' title="bbox 1661 3731 2724 3796; baseline 0.001 -14"><span class='ocrx_word' id='word_1_461' title='bbox 1661 3734 1935 3783; x_wconf 85' lang='lat' dir='ltr'><strong>militarem</strong></span> <span class='ocrx_word' id='word_1_462' title='bbox 1982 3734 2148 3783; x_wconf 86' lang='lat' dir='ltr'><strong>aciem</strong></span> <span class='ocrx_word' id='word_1_463' title='bbox 2191 3739 2298 3781; x_wconf 78' lang='lat' dir='ltr'><strong>tam</strong></span> <span class='ocrx_word' id='word_1_464' title='bbox 2346 3731 2473 3781; x_wconf 82' lang='lat' dir='ltr'><strong>dirae</strong></span> <span class='ocrx_word' id='word_1_465' title='bbox 2520 3732 2724 3796; x_wconf 73' lang='lat' dir='ltr'><strong>injiiriae</strong></span> 
     </span>
     <span class='ocr_line' id='line_1_96' title="bbox 1663 3808 2345 3859; baseline -0.001 -1"><span class='ocrx_word' id='word_1_466' title='bbox 1663 3810 1884 3859; x_wconf 84' lang='lat' dir='ltr'><strong>Romani</strong></span> <span class='ocrx_word' id='word_1_467' title='bbox 1907 3808 2136 3858; x_wconf 69' lang='lat' dir='ltr'><strong>nominis.</strong></span> <span class='ocrx_word' id='word_1_468' title='bbox 2175 3808 2345 3857; x_wconf 75' lang='lat' dir='ltr'><strong>Barth.</strong></span> 
     </span>
     <span class='ocr_line' id='line_1_97' title="bbox 1666 3882 2727 3946; baseline -0.001 -11"><span class='ocrx_word' id='word_1_469' title='bbox 1666 3904 1675 3915; x_wconf 86' lang='lat'>·</span> <span class='ocrx_word' id='word_1_470' title='bbox 1726 3890 1825 3935; x_wconf 85' lang='grc'><strong>240</strong></span> <span class='ocrx_word' id='word_1_471' title='bbox 1860 3885 2095 3933; x_wconf 73' lang='lat' dir='ltr'><strong>Phar-etro</strong></span> <span class='ocrx_word' id='word_1_472' title='bbox 2104 3882 2323 3946; x_wconf 75' lang='lat' dir='ltr'><strong>fulgens]</strong></span> <span class='ocrx_word' id='word_1_473' title='bbox 2358 3883 2477 3933; x_wconf 86' lang='lat' dir='ltr'><strong>Nec</strong></span> <span class='ocrx_word' id='word_1_474' title='bbox 2497 3883 2727 3934; x_wconf 84' lang='lat' dir='ltr'><strong>Romana</strong></span> 
     </span>
     <span class='ocr_line' id='line_1_98' title="bbox 1662 3957 2731 4023; baseline 0.001 -15"><span class='ocrx_word' id='word_1_475' title='bbox 1662 3960 1873 4023; x_wconf 88' lang='lat' dir='ltr'><strong>quidem</strong></span> <span class='ocrx_word' id='word_1_476' title='bbox 1896 3972 2038 4007; x_wconf 82' lang='lat' dir='ltr'><strong>arma</strong></span> <span class='ocrx_word' id='word_1_477' title='bbox 2058 3957 2245 4007; x_wconf 84' lang='lat' dir='ltr'><strong>tribuit</strong></span> <span class='ocrx_word' id='word_1_478' title='bbox 2280 3958 2515 4008; x_wconf 85' lang='lat' dir='ltr'><strong>Romano</strong></span> <span class='ocrx_word' id='word_1_479' title='bbox 2539 3960 2731 4009; x_wconf 83' lang='lat' dir='ltr'><strong>Consu-</strong></span> 
     </span>
     <span class='ocr_line' id='line_1_99' title="bbox 1664 4032 2729 4097; baseline -0.002 -14"><span class='ocrx_word' id='word_1_480' title='bbox 1664 4035 1722 4096; x_wconf 86' lang='lat' dir='ltr'><strong>li,</strong></span> <span class='ocrx_word' id='word_1_481' title='bbox 1743 4034 1835 4082; x_wconf 87' lang='lat' dir='ltr'><strong>sed</strong></span> <span class='ocrx_word' id='word_1_482' title='bbox 1857 4032 2094 4097; x_wconf 85' lang='lat' dir='ltr'><strong>qualibus</strong></span> <span class='ocrx_word' id='word_1_483' title='bbox 2134 4033 2293 4081; x_wconf 83' lang='lat' dir='ltr'><strong>etiam</strong></span> <span class='ocrx_word' id='word_1_484' title='bbox 2330 4032 2555 4082; x_wconf 77' lang='lat' dir='ltr'><strong>foeminae</strong></span> <span class='ocrx_word' id='word_1_485' title='bbox 2594 4033 2729 4082; x_wconf 85' lang='lat' dir='ltr'><strong>anti·</strong></span> 
     </span>
     <span class='ocr_line' id='line_1_100' title="bbox 1664 4108 2167 4175; baseline 0.002 -17"><span class='ocrx_word' id='word_1_486' title='bbox 1664 4109 1839 4175; x_wconf 87' lang='lat' dir='ltr'><strong>quitus</strong></span> <span class='ocrx_word' id='word_1_487' title='bbox 1864 4123 1985 4159; x_wconf 83' lang='lat' dir='ltr'><strong>usae.</strong></span> <span class='ocrx_word' id='word_1_488' title='bbox 2022 4108 2167 4159; x_wconf 83' lang='lat' dir='ltr'><strong>Idem.</strong></span> 
     </span>
    </p>

    <p class='ocr_par' dir='ltr' id='par_1_23' title="bbox 1666 4184 2727 4327">
     <span class='ocr_line' id='line_1_101' title="bbox 1730 4184 2725 4249; baseline -0.002 -15"><span class='ocrx_word' id='word_1_489' title='bbox 1730 4189 1827 4234; x_wconf 78' lang='grc'><strong>242</strong></span> <span class='ocrx_word' id='word_1_490' title='bbox 1864 4184 2036 4247; x_wconf 78' lang='lat' dir='ltr'><strong>Getas]</strong></span> <span class='ocrx_word' id='word_1_491' title='bbox 2068 4184 2269 4237; x_wconf 82' lang='lat' dir='ltr'><strong>Gothos</strong></span> <span class='ocrx_word' id='word_1_492' title='bbox 2290 4185 2583 4246; x_wconf 84' lang='lat' dir='ltr'><strong>auxiliares,</strong></span> <span class='ocrx_word' id='word_1_493' title='bbox 2598 4198 2725 4249; x_wconf 86' lang='lat' dir='ltr'><strong>quos</strong></span> 
     </span>
     <span class='ocr_line' id='line_1_102' title="bbox 1666 4261 2727 4327; baseline 0 -14"><span class='ocrx_word' id='word_1_494' title='bbox 1666 4261 1869 4327; x_wconf 83' lang='lat' dir='ltr'><strong>infidos,</strong></span> <span class='ocrx_word' id='word_1_495' title='bbox 1890 4270 1946 4315; x_wconf 90' lang='lat' dir='ltr'><strong>et</strong></span> <span class='ocrx_word' id='word_1_496' title='bbox 1982 4261 2121 4314; x_wconf 83' lang='lat' dir='ltr'><strong>omni</strong></span> <span class='ocrx_word' id='word_1_497' title='bbox 2158 4262 2415 4315; x_wconf 81' lang='lat' dir='ltr'><strong>occasioni</strong></span> <span class='ocrx_word' id='word_1_498' title='bbox 2455 4261 2727 4313; x_wconf 71' lang='lat' dir='ltr'><strong>turbandae</strong></span> 
     </span>
    </p>
   </div>
  </div>
 </body>
</html>
