3167 4984
578 366 757 439 1572

584 528 651 579 tis
673 527 813 580 bello
849 526 1017 593 ferox,
1040 534 1097 580 et
1133 528 1221 594 qui
1258 528 1443 578 Saulus
1466 525 1650 591 opinor

584 602 745 655 fuerit
766 606 1092 655 nominatus:
1134 605 1271 654 unde
1293 604 1501 669 quidam
1526 618 1650 669 pan·

584 678 779 743 pei-tini
793 679 1031 731 historici
1046 679 1327 731 Hebraenm
1347 679 1652 744 perhibent.

590 756 777 808 Cluver-

651 836 748 881 684
784 831 880 881 Cui
912 837 1086 881 maru
1123 828 1306 895 breves]
1342 831 1490 881 Citra
1522 830 1648 881 Ala-

585 920 767 957 norum
787 908 1009 973 alioquin
1050 908 1416 971 conditionem,
1437 908 1524 973 qui
1547 914 1650 958 sta-

586 974 704 1033 tura
727 999 947 1046 procera
969 1000 1093 1047 gens
1117 992 1249 1034 erat.

652 1060 833 1109 Breues
852 1060 1024 1109 animis
1042 1059 1336 1123 ingentibus]
1374 1058 1525 1111 Quod
1550 1073 1648 1107 sae-

586 1132 703 1198 pius
728 1133 840 1185 fieri
878 1144 1079 1185 certum
1102 1143 1204 1197 est,
1242 1135 1537 1199 docentque
1560 1148 1650 1183 ex·

590 1211 775 1273 empla.
808 1211 983 1261 Barth.

652 1289 748 1334 586
786 1287 956 1335 Oculos
991 1286 1219 1347 infecerat
1241 1285 1340 1349 ira]
1392 1285 1545 1335 Torvi
1569 1300 1648 1334 as·

584 1368 749 1423 pectu
772 1360 945 1410 Alani.
982 1362 1130 1411 Idem.

653 1440 751 1485 586
790 1436 1069 1485 Vulneribus
1084 1450 1202 1499 pars
1211 1437 1345 1485 nulla
1363 1435 1523 1498 nuent]
1547 1438 1646 1485 Po·

586 1515 693 1560 test
709 1511 888 1562 abesse
912 1519 1052 1562 totus
1067 1512 1149 1561 liic
1170 1526 1367 1561 versus.
1433 1512 1504 1561 Et
1524 1526 1649 1561 sane

586 1588 849 1638 assutitius
870 1588 992 1637 mihi
1017 1588 1238 1636 videtur·
1306 1581 1454 1636 Idem.
1498 1594 1503 1597 '

659 1664 940 1714 Vulneribus
976 1678 1089 1727 pars
1127 1664 1255 1711 nulla
1291 1668 1447 1725 aaut,
1477 1664 1652 1713 recisa·

587 1753 678 1802 que
698 1739 898 1801 metis,
934 1737 1041 1801 ζα]
1098 1738 1405 1787 Certissima
1442 1739 1648 1802 conjec-

587 1820 725 1876 tura,
744 1829 826 1865 me
862 1812 1013 1875 duce,
1031 1813 1319 1863 rescribes:
1362 1814 1650 1863 Vulneribus

581 1906 697 1955 pars
714 1894 842 1941 nulla
862 1896 1017 1953 vacat,
1039 1891 1323 1953 rescissaque
1358 1891 1529 1953 contis,
1562 1893 1646 1954 ὅτ.

586 1968 777 2017 Sensus
798 1974 896 2027 est,
930 1966 1205 2029 gloriosum
1226 1966 1379 2017 Getis
1401 1967 1584 2031 videri,
1605 1966 1647 2016 si

585 2040 775 2094 faciem
792 2041 952 2091 hastis
995 2040 1304 2092 militaribus
1325 2041 1648 2090 vulneratam

586 2116 827 2167 habeant.
860 2118 1078 2179 Dempst.

655 2195 963 2261 Rescissaque
1001 2192 1175 2257 contis]
1234 2192 1321 2242 Ita
1365 2191 1417 2245 in
1452 2192 1650 2243 Electis

587 2268 865 2334 Philippus
888 2270 1157 2321 Rubenius
1172 2270 1469 2333 conjecerat
1486 2285 1502 2329 ;
1524 2284 1650 2333 quo-

587 2345 741 2409 modo
764 2353 820 2396 et
840 2346 1020 2410 scripti
1038 2345 1290 2399 nonnulli.
1323 2345 1494 2407 Vulgo
1512 2358 1649 2392 cunc·

586 2421 668 2470 tis.
703 2421 971 2471 Claverius
994 2420 1169 2471 cuncti.
1236 2420 1477 2469 Bai-thius
1509 2434 1650 2481 punc·

588 2496 655 2545 tis
674 2497 808 2547 curis
831 2498 1028 2561 primiS,
1052 2511 1148 2546 nec
1170 2496 1371 2545 felicius
1410 2495 1650 2547 secundis

585 2570 825 2635 invisaque
840 2574 1055 2635 comptis.
1103 2572 1403 2622 Ammianus
1425 2573 1651 2621 Marcel·

584 2644 740 2708 linus,
760 2646 848 2695 lib.
890 2659 1052 2699 xxxi.
1120 2646 1343 2705 Hunnis,
1377 2660 1504 2709 quos
1527 2646 1652 2696 Ala-

587 2719 668 2768 nis
691 2721 899 2770 eosdem
940 2719 1088 2781 facit,
1127 2719 1351 2769 frontem
1385 2720 1553 2769 secari
1576 2735 1651 2769 as-

589 2802 811 2844 severat.
844 2795 963 2845 vid.
988 2796 1075 2843 lib.
1102 2808 1137 2843 ι.
1162 2795 1213 2843 in
1239 2793 1410 2844 Rufin.
1437 2810 1509 2845 vs.
1532 2800 1648 2845 324.

586 2868 855 2920 ‘Obtusns
896 2885 988 2933 per
1026 2869 1247 2920 barbara
1292 2872 1505 2919 vulnera
1528 2885 1647 2920 con-

587 2948 691 2998 tus'
725 2948 861 3012 apud
905 2949 1169 2998 Sidonium
1211 2949 1535 3017 Panegyrico
1578 2948 1650 2999 A*

590 3023 707 3073 viti.
747 3024 818 3075 D.
843 3025 1015 3075 Heius.

652 3105 750 3151 58⁷
790 3098 1649 3163 Gloriasoedatisplendetjuctuntior

585 3178 706 3242 oris]
753 3178 975 3228 Virtutis
1032 3177 1254 3227 testibus
1310 3177 1646 3227 cicatricibus

584 3258 679 3303 aut
698 3254 994 3303 vulneribus
1016 3258 1258 3306 censetur
1286 3252 1522 3303 militaris
1544 3252 1648 3302 for·

495 3361 500 3366 -
584 3328 820 3397 mositas.
853 3330 1032 3385 Barth.

603 3413 608 3421 ’
654 3405 827 3469 Gloria
852 3404 1033 3463 foedati
1068 3405 1186 3477 oris]
1220 3405 1538 3469 Eleganter:
1568 3404 1646 3454 id-

586 3493 686 3543 que
728 3481 851 3529 mibi
896 3487 1112 3530 renovat
1149 3482 1447 3532 memoriam
1478 3482 1648 3545 cujus-

586 3552 706 3603 dam
727 3553 871 3604 ducis
893 3556 1250 3619 strenuissimi,
1271 3571 1336 3605 ne
1368 3557 1490 3621 quid
1514 3552 1646 3620 ρι’-ω-

588 3634 734 3678 terea
755 3628 945 3677 dicam.
978 3630 1096 3678 Alia
1122 3645 1243 3680 vero
1267 3632 1401 3680 ratio
1424 3639 1504 3681 est
1528 3647 1649 3683 nau-

587 3708 759 3754 tarum
781 3704 832 3755 in
860 3706 1089 3767 Batavis,
1127 3707 1213 3770 qui
1236 3708 1381 3771 quasi
1405 3708 1649 3768 ludendo,

586 3776 679 3829 sed
698 3782 815 3844 plus
838 3786 964 3843 poti,
984 3782 1079 3832 sibi
1109 3782 1328 3836 invicem
1350 3798 1441 3833 ora
1462 3786 1646 3833 cultris

586 3852 863 3905 flissecant.
900 3858 1085 3909 Cluver.

594 3928 602 3933 ’
648 3936 747 3981 588
780 3932 872 3980 lue
893 3930 1070 3995 tumen]
1119 3932 1427 3996 Suspectum
1468 3934 1550 3983 hic
1573 3936 1646 3984 la-

590 4013 671 4058 tet
690 4008 900 4070 aliquid.
972 4010 1168 4057 Docuit
1192 4011 1429 4073 exemplo
1453 4026 1544 4060 sno
1569 4012 1647 4061 vir

583 4082 888 4133 fortissimus
929 4092 1145 4133 mortem
1176 4099 1271 4147 pro
1306 4086 1451 4134 Latio
1495 4087 1646 4136 sube-

586 4161 793 4213 undam.
823 4163 1017 4211 Tamen
1056 4160 1376 4211 acceleratur
1409 4163 1554 4225 equis
1578 4163 1646 4213 ci-

586 4235 709 4305 tatis
727 4235 1023 4291 Stilichonis
1039 4234 1303 4289 mandato.
1334 4236 1513 4289 Barth.

902 380 1121 435 1401*AE
1166 380 1575 449 vamonmt
1626 382 1706 438 m
1757 382 1878 433 GL·
1907 381 2199 463 ⁸(HaAUD0
2245 381 2472 431 xxvi.

1789 530 1887 576 589
1920 526 2242 589 Acceleroevit]
2258 524 2501 575 Affirmat
2521 516 2658 573 enim
2674 522 2788 575 bac

1725 601 1882 652 lectio
1905 601 2066 666 ipsius
2100 602 2344 661 studium,
2375 600 2620 664 junctum
2643 600 2790 649 obse·

1724 678 1845 742 quio
1869 674 2186 727 Stilichonis.

1790 752 2052 816 Italamque
2071 752 2322 809 momordit
2342 748 2558 815 arenam]
2590 749 2658 799 In
2675 748 2785 799 Ita-

1724 828 1794 878 lia
1815 835 1896 881 est
1920 828 2140 878 occisus.
2177 828 2355 876 Barth.

1788 908 1886 955 590
1922 904 2146 953 Carmine
2163 902 2358 967 diguus]
2391 900 2646 952 Memoria
2665 900 2786 951 Mu-

1723 995 1896 1031 sarum
1920 988 2138 1030 aeterna.
2173 982 2325 1029 Idem.

1789 1060 1886 1105 592
1918 1057 2091 1105 Judice
2110 1054 2270 1124 ferro]
2323 1052 2620 1119 Aliquando
2657 1064 2784 1105 sane

1725 1146 1788 1182 eo
1836 1132 2137 1182 veniendum
2182 1139 2282 1193 est,
2319 1137 2374 1180 et
2412 1130 2558 1194 quasi
2599 1127 2788 1185 Martis

1726 1208 1838 1257 alea
1860 1206 2148 1267 subeunda,
2169 1212 2228 1255 ut
2252 1198 2439 1255 veritas
2456 1210 2654 1269 pateat.
2708 1204 2787 1255 At

1725 1284 2036 1345 cavendum,
2059 1290 2240 1332 autore
2271 1283 2471 1343 Tacito,
2493 1294 2558 1329 ne
2575 1280 2784 1347 aliquod

1725 1360 1909 1409 vulnus
1934 1373 2027 1423 per
2057 1359 2264 1407 nimiam
2296 1357 2537 1407 fiduciam
2559 1356 2786 1420 accipia-

1725 1442 1844 1495 tur3
1885 1441 2080 1483 namet
2122 1433 2328 1483 modica
2366 1431 2552 1481 damna
2593 1431 2784 1483 famam

1724 1510 1955 1560 victori-te
1979 1508 2142 1576 part'ae
2176 1512 2426 1559 lacerant.
2488 1508 2592 1557 Sed
2615 1522 2784 1573 neque

1723 1588 1924 1637 hastam
1954 1588 2134 1652 abjicit
2160 1586 2416 1647 Stilicho;
2463 1598 2631 1649 neque
2655 1596 2786 1649 prae·

1724 1661 1781 1712 lii
1806 1664 1953 1712 unius
1974 1670 2166 1712 eventa
2201 1662 2454 1726 pavescit.
2501 1662 2687 1710 Closer.

1788 1743 1886 1789 598
1920 1738 2104 1802 nituit,
2122 1740 2230 1803 ζα]
2259 1738 2401 1788 Hinc
2423 1738 2547 1786 satis
2564 1736 2786 1801 conjicio

1723 1816 2059 1867 Stilichonem
2079 1823 2382 1880 suspectum
2405 1810 2564 1863 fuisse
2585 1828 2786 1879 magum

1725 1893 1864 1956 parti
1900 1893 2092 1956 halim,
2125 1908 2217 1943 sen
2258 1892 2428 1956 potins
2471 1891 2673 1952 aulicis,
2695 1886 2786 1954 qui

1727 1968 1962 2019 Honorio
2005 1968 2394 2021 insusurrabant
2439 1968 2616 2016 nescio
2658 1964 2783 2031 quid

1723 2042 1792 2090 de
1825 2042 1971 2091 novis
1997 2043 2170 2103 rebus,
2203 2056 2329 2107 quas
2362 2042 2529 2090 moliri
2567 2040 2786 2104 putaba-

1723 2124 1847 2180 tur3
1903 2119 2037 2185 qnod
2087 2119 2273 2171 falsum
2315 2132 2426 2167 esse
2473 2117 2558 2167 hic
2592 2115 2786 2167 Alanus

1725 2202 1889 2245 morte
1907 2196 2050 2246 obita
2074 2196 2296 2259 probare
2321 2194 2500 2243 voluit.
2536 2194 2688 2245 Idem.

1793 2272 2111 2335 Immo-ilum]
2144 2272 2350 2320 Famam
2375 2270 2504 2320 dicit
2524 2268 2790 2334 sparsisse,

1723 2344 1946 2399 Alanum
1967 2346 2097 2397 clam
2113 2344 2378 2397 collusisse
2397 2346 2634 2407 Alaric03
2668 2360 2788 2397 eum

1726 2436 1981 2474 rumorem
2021 2431 2188 2473 morte
2230 2438 2323 2474 sua
2364 2423 2444 2471 vir
2480 2421 2790 2473 fortissimus

1727 2496 1936 2547 delevit.
1971 2498 2149 2553 Barth.

1791 2571 1888 2624 694
1922 2575 2084 2623 Morte
2104 2574 2199 2624 viri
2219 2572 2436 2624 turbatus
2455 2575 2612 2638 eques]
2630 2574 2788 2641 Equi·

1728 2655 1834 2699 tem
1871 2651 1943 2698 ait
1967 2651 2290 2700 auxiliarium
2329 2654 2480 2701 Duce
2515 2664 2652 2701 caeso
2675 2658 2790 2702 tota

1727 2727 1842 2777 acie
1879 2724 2172 2779 fluctuasse.
2238 2728 2370 2777 Haec
2405 2728 2642 2777 nimirum
2676 2733 2789 2778 tota

1726 2807 1808 2849 est
1829 2801 1916 2849 illa
1954 2799 2080 2863 fuga
2117 2802 2433 2861 Stilichonis,
2470 2816 2620 2867 quam
2665 2798 2787 2865 post

1727 2874 2118 2927 abominabilem
2135 2878 2246 2941 ejus
2281 2877 2476 2926 caedem
2512 2882 2788 2941 tantopere

1725 2950 1844 3005 odio
1882 2950 2162 3015 flagrantes
2201 2952 2480 3015 scriptores
2516 2957 2790 3003 auxerunt.

1723 3028 1875 3081 Idem.
1975 3076 1982 3080 .

1787 3108 1882 3155 695
1917 3104 2185 3155 Muta-ssent
2226 3097 2419 3165 agmina
2457 3104 2622 3168 cornu]
2674 3103 2786 3153 Me-

1720 3180 1877 3229 liores
1917 3186 2187 3232 nutassent.-
2234 3180 2364 3230 vidit
2387 3180 2650 3231 Barthius.
2716 3181 2790 3233 D.

1722 3256 1894 3313 Heius.

1759 3336 1886 3383 2596
1923 3332 2082 3401 celer]
2116 3332 2426 3397 Opportune
2449 3346 2592 3381 sane.
2659 3330 2788 3383 0m⁴

1722 3411 1879 3473 nique
1919 3408 2190 3457 occasione
2236 3408 2412 3456 laudat
2455 3408 2782 3458 celeritatem

1722 3482 2038 3545 Stilichonis,
2075 3490 2136 3533 ut
2177 3497 2241 3531 ne
2266 3482 2558 3532 Caesaribus
2598 3491 2689 3533 ant
2711 3482 2782 3533 A·

1724 3560 1985 3611 lexandris
2033 3558 2193 3609 faciat
2231 3558 2594 3623 relinquatque
2638 3558 2784 3611 dete-

1723 3636 1927 3686 riorem.
1962 3634 2137 3684 Barth.

1787 3716 1883 3760 697
1917 3710 2152 3760 Subsidiis
2168 3710 2404 3775 peditum]
2450 3710 2629 3761 Robur
2650 3724 2788 3775 prae.

1724 3786 1929 3849 cipuum
1955 3785 2057 3836 fuit
2080 3788 2135 3833 in
2155 3786 2342 3834 militia
2367 3786 2618 3848 Romana,
2642 3784 2784 3850 quod

1723 3862 1808 3911 hic
1853 3862 2126 3911 advertere
2174 3867 2270 3909 est.
2335 3860 2550 3909 Stilicho
2591 3867 2786 3923 antem,

1721 3952 1787 3987 ne
1803 3940 1911 4001 quis
1929 3937 2148 3986 ulterius
2167 3933 2392 3998 fugeret,
2415 3952 2478 3986 ex
2499 3952 2652 4001 equo,
2673 3937 2783 4001 opi·

1721 4027 1838 4074 nor,
1875 4012 2163 4073 descendit,
2184 4026 2243 4059 ac
2281 4027 2424 4061 stiam
2459 4012 2697 4075 probavit
2727 4012 2786 4067 ia

1721 4088 1876 4138 rebus
1899 4086 2066 4136 dubiis
2091 4090 2446 4137 constantiam.
2493 4088 2682 4139 clover.

1785 4167 1883 4212 598
1920 4162 2150 4226 Recepto]
2199 4164 2331 4212 Toto
2387 4163 2526 4212 intra
2578 4171 2786 4228 pectus.

1720 4240 1807 4292 Sic
1850 4240 2017 4305 primo
2041 4240 2273 4305 Raptus:
2327 4241 2534 4299 ‘totum
2578 4238 2784 4306 spirant
