3167 4984
550 338 727 408 1552
1213 348 1601 404 ascensus
1622 369 1630 379 -
1648 348 2077 399 emmenum

627 503 864 575 poetam
891 493 1409 559 candidissimum:
1455 493 1558 553 sed
1593 493 1821 561 mendis
1860 492 2195 555 innumeris·
2222 492 2611 571 denigratum,
2635 494 2741 553 ‘his

634 592 838 671 paucis
865 590 1075 649 diebus
1117 608 1184 649 ea
1211 608 1331 667 qua
1357 588 1654 667 potuimus
1684 588 1983 666 diligentia
2010 589 2069 647 in
2098 588 2393 665 pristinam
2416 590 2744 667 redegimus

633 688 1037 765 majestatem:
1083 705 1336 764 eumque
1379 704 1490 745 suo
1517 689 1610 759 (ut
1654 685 1939 762 possibile
1967 684 2103 757 fuit)
2142 684 2386 744 candori
2410 688 2743 747 restitutum

631 783 709 843 ad
758 782 1152 842 studiosorum
1205 780 1582 853 commodum
1624 778 2079 858 imprimendum
2120 780 2749 843 curavimus.--Edidi-

629 898 759 939 mus
775 888 1060 957 praeterea
1074 878 1134 937 in
1155 878 1309 937 hunc
1329 877 1519 954 ipsum
1533 884 1778 955 poetam
1810 878 2071 937 locorum
2100 874 2421 935 difficilium
2448 896 2747 940 commen·-

634 974 900 1033 tariolum
925 994 940 1033 z
989 973 1152 1051 quod
1181 970 1522 1050 propediem
1553 972 1758 1030 eodem
1778 973 1919 1031 moti
1938 971 2052 1031 fine
2072 971 2302 1031 favente
2332 975 2459 1031 Deo
2490 972 2743 1033 maximo

630 1070 1101 1146 publicabimus!
1185 1067 1504 1129 Edidimus
1531 1068 1709 1128 credo
1735 1068 1817 1127 ita
1836 1067 2354 1147 interpretandum,
2396 1068 2745 1129 dictavimus

631 1166 996 1225 auditoribus
1041 1164 1284 1224 nostris:
1322 1162 1779 1243 publicabimus,
1829 1164 1985 1242 typis
2013 1164 2343 1225 curabimus
2371 1164 2745 1243 vulgandum.

633 1265 766 1325 Hoc
794 1264 1088 1342 posterius
1111 1272 1306 1323 utrum
1333 1262 1552 1322 factum
1580 1264 1675 1335 sit,
1718 1282 1834 1322 non
1863 1263 2053 1323 habeo
2080 1262 2295 1323 dicere.
2376 1262 2487 1321 Per
2514 1272 2743 1341 tempo·

629 1383 758 1423 rum
785 1363 1072 1423 rationem
1099 1359 1218 1419 fieri
1249 1359 1486 1439 potuit:
1531 1359 1641 1419 diu
1664 1361 1819 1421 enim
1848 1361 2185 1440 supervixit.
2268 1362 2549 1421 Testunte
2594 1362 2743 1421 Ges-

631 1478 793 1530 nero,
855 1477 1048 1535 neque
1095 1457 1370 1517 Barthius
1413 1474 1605 1535 neque
1659 1457 1943 1516 Nicolaus
1992 1458 2265 1519 Heinsius
2308 1458 2420 1517 hac
2470 1458 2555 1517 usi
2606 1466 2742 1516 sunt

629 1554 908 1626 editione,
927 1554 1026 1613 sed
1056 1552 1365 1614 laudarunt
1385 1570 1514 1611 eam
1535 1552 1871 1629 Isingrinius
1910 1554 2250 1617 Basileensis
2276 1554 2549 1615 editionis
2575 1573 2741 1616 cum-

632 1662 747 1723 tor,
791 1660 851 1711 et
879 1650 1174 1709 Claverius
1201 1648 1477 1708 Parisiuoe
1501 1648 1715 1711 editor.
1799 1652 1928 1728 Ipse
1966 1653 2153 1711 Gesn.
2183 1651 2515 1711 varietatem
2543 1649 2743 1709 lectio-

633 1748 722 1805 nis
753 1744 1090 1805 Viennensis
1135 1743 1442 1822 diligenter
1477 1744 1757 1817 enotavit,
1800 1745 2017 1806 fatetur
2050 1756 2247 1811 ,tamen
2294 1747 2543 1823 ingenue
2568 1746 2742 1823 spici·

632 1842 782 1918 legio
827 1839 1021 1899 locum
1063 1858 1191 1899 esse
1237 1840 1526 1902 relictum.
1638 1842 1880 1901 Camers
1929 1862 2067 1905 vero
2114 1843 2186 1907 ad
2234 1843 2551 1903 Victoriam
2607 1843 2741 1903 Stil.

631 1945 838 1997 contra
891 1936 1188 1995 Alaricum
1243 1936 1488 1998 scribit:
1553 1946 1570 1973 ‘
1592 1938 1963 2000 correximus
2016 1960 2089 1999 ex
2141 1948 2375 1999 vetusto
2427 1939 2743 2016 exemplari

633 2040 759 2092 toto
788 2053 803 2091 ι
847 2031 907 2090 in
935 2031 1053 2091 alio
1096 2033 1492 2092 vetustissimo
1536 2034 1784 2105 Codice,
1830 2056 2003 2113 quem
2034 2036 2194 2116 apud
2223 2036 2442 2095 Aldum
2472 2038 2583 2095 Ro.
2616 2035 2743 2093 reli-

633 2129 864 2205 quimus
903 2129 1191 2189 Tomari.'
1307 2128 1482 2189 Unde
1531 2130 1671 2190 huic
1713 2131 1953 2191 editioni
1982 2152 2019 2192 a
2046 2134 2319 2195 Camerte
2352 2129 2565 2201 addita
2609 2139 2742 2193 sunt

634 2224 883 2284 antehac
911 2224 1168 2285 nondum
1200 2225 1516 2303 impressa:

1028 2369 1337 2430 Claudiani
1365 2370 1489 2429 laus
1514 2370 1749 2430 Christi.
1783 2371 2003 2431 Proles.

1136 2510 1151 2525 .
1185 2509 1200 2524 .
1245 2467 1514 2526 miracula
1540 2466 1781 2527 Christi.
1814 2465 2087 2545 Angelus.

1033 2604 1048 2620 .
1086 2578 1100 2619 ;
1133 2604 1148 2619 .
1178 2605 1194 2621 .
1237 2560 1446 2621 laudes
1475 2561 2107 2622 Herculis.·Pieridum.

1031 2656 1386 2717 Claudianus
1415 2656 1474 2715 in
1503 2658 1753 2718 Sirenas.
1780 2659 1993 2718 Dulce.

553 2819 703 2871 1511
754 2807 1012 2868 Parisina
1043 2825 1089 2868 1.
1120 2808 1211 2869 Cl.
1243 2810 1560 2869 Claudiani
1609 2812 1971 2889 Proserpinae
2024 2820 2227 2889 raptus
2276 2831 2411 2872 cum
2436 2811 2570 2873 sani
2606 2813 2741 2873 Par-

627 2905 803 2964 rhasii
820 2905 1254 2964 commentariis
1273 2906 1351 2963 ab
1369 2924 1440 2964 eo
1467 2906 1765 2983 castigatis
1792 2916 1853 2965 et
1877 2907 2063 2966 auctis
2078 2907 2409 2967 accessione
2430 2908 2737 2970 multarum

627 3021 818 3061 rerum
848 3002 1086 3079 cognitu
1114 3000 1598 3079 dignarum—In
1625 3003 1742 3061 imo
1780 3003 1986 3081 insigni
2014 3004 2367 3083 typographi
2400 3004 2737 3081 inscriptum

629 3105 719 3157 est
746 3098 874 3176 ejus
896 3117 1142 3157 nomen:
1190 3098 1404 3157 Ponset
1426 3099 1507 3157 Le
1533 3100 1743 3159 Preux.
1767 3108 1892 3159 tum
1920 3099 2218 3161 additum:
2267 3107 2284 3134 ‘
2312 3100 2741 3163 'venundantur

629 3212 665 3251 a
695 3194 905 3253 Pontio
932 3196 1121 3272 probo
1155 3194 1488 3270 Bibliopola
1531 3194 1591 3251 in
1635 3194 1859 3253 aedibus
1910 3195 2265 3263 Potistannei
2306 3195 2745 3257 commorante!

627 3290 696 3347 ln
727 3288 878 3348 fine:
928 3297 944 3321 ‘
975 3290 1332 3366 Impressum
1362 3288 1594 3347 Parisiis
1624 3309 1745 3367 per
1773 3290 2089 3349 Antonium
2124 3292 2481 3353 Bonnemere
2511 3292 2741 3367 Impen-

629 3384 704 3443 sis
727 3383 919 3443 Pontii
943 3384 996 3442 le
1021 3385 1228 3444 Preux.
1296 3387 1468 3444 Anno
1499 3385 1739 3445 Domini
1762 3389 2155 3447 Mcccccx1.'
2221 3386 2333 3446 Die
2358 3405 2495 3447 vero
2523 3399 2735 3447 xvur.

544 3508 552 3517 =
623 3479 995 3540 Decembris.
1075 3482 1183 3540 Est
1209 3480 1267 3538 in
1297 3480 1445 3543 bibl.
1475 3482 1693 3560 Gymn.
1722 3481 1856 3557 Bip.

547 3581 704 3636 1514
742 3574 1130 3653 Erphurdiae:
1175 3574 1386 3635 Claud.
1429 3574 1503 3634 de
1534 3578 1607 3637 R.
1638 3576 1946 3636 Proin—in
1974 3576 2208 3637 officina
2254 3576 2530 3637 Industrii
2556 3578 2736 3637 Joan-

455 3676 464 3685 ‘
623 3669 712 3729 nis
770 3671 1042 3749 Cnappii,
1085 3681 1142 3730 4.
1186 3691 1362 3751 quam
1405 3690 1580 3749 penes
1639 3672 1819 3751 ampl.
1888 3672 2563 3734 Bavium-Hannoveroe
2606 3692 2735 3733 esse

621 3766 796 3826 refert
821 3768 1142 3828 GesneruS.

552 3868 702 3929 1517
747 3862 930 3923 Paris.
965 3877 1041 3921 11.
1069 3861 1145 3921 de
1173 3864 1246 3922 R.
1275 3863 1440 3921 Pros,
1467 3880 1524 3921 c.
1575 3860 1909 3924 Commeat.
1957 3864 2245 3925 Parrhasii
2286 3884 2392 3943 per
2415 3866 2511 3925 Jo.
2542 3867 2737 3927 Gour-

623 3957 932 4029 montium,
963 3968 1021 4017 4.
1050 3975 1124 4016 ex
1152 3959 1284 4017 Cat.
1319 3955 1473 4017 Bibl.
1501 3958 1730 4017 Bunav.

549 4059 704 4113 1518
747 4053 909 4133 Lips.
939 4053 1014 4113 de
1065 4054 1136 4114 R.
1171 4053 1266 4112 Pr.
1311 4062 1370 4115 4.
1397 4054 1763 4125 Memoratur
1808 4052 1867 4113 in
1914 4056 2049 4114 Cat.
2100 4055 2256 4117 Bibl.
2288 4056 2431 4119 clar.
2460 4055 2733 4127 Ernestii‚

623 4144 818 4209 forsan
846 4148 1050 4211 eadem
1077 4168 1211 4210 enm
1239 4148 1336 4209 illa
1363 4169 1412 4211 s.
1433 4169 1472 4236 ᾳ
1497 4150 1610 4211 sub
1638 4148 1815 4211 finem
1843 4150 2027 4211 aetatis
2058 4166 2107 4217 1.
