3167 4984
479 342 654 424 1480

476 512 824 563 fundamentis
857 523 1017 577 usque
1048 513 1164 563 imis
1200 512 1440 561 fluctibus
1479 512 1535 561 fi-

463 604 592 640 ·uem
603 588 778 650 faciat,
791 590 1038 639 exhausto
1056 602 1120 637 no
1127 589 1209 639 xio
1223 596 1278 638 et
1291 595 1536 652 corrupto

473 666 704 715 humore.
735 665 913 713 Barth.

540 744 602 789 17
644 740 836 801 Vacuis]
883 738 1130 788 vacuatis
1171 732 1414 803 sanguine
1459 741 1534 789 in-

470 814 628 866 fecto.
663 816 812 865 Idm.

528 896 590 943 18
620 890 822 939 Areseat
849 888 966 948 fona
999 888 1080 939 iae
1116 890 1254 953 mali]
1305 892 1535 940 Exundet

468 967 619 1030 prim.
661 981 722 1015 ac
767 972 893 1015 tert.
931 965 1172 1015 vatican.
1206 971 1264 1015 et
1301 980 1390 1017 sex
1427 967 1534 1017 alii.

466 1042 650 1091 Scribo
676 1042 896 1091 Exudet:
927 1040 1186 1091 exuberare
1218 1041 1292 1091 sic
1317 1041 1369 1090 in
1391 1041 1533 1104 Apo-

466 1132 536 1166 no
581 1108 733 1167 di'xit.
799 1117 978 1179 Virgil.
1033 1119 1048 1146 ‘
1076 1119 1295 1167 exsudet
1337 1118 1533 1167 inutilis

468 1194 685 1245 humor!
750 1192 998 1243 Gratius:
1035 1194 1126 1241 ‘ut
1148 1194 1533 1242 omne-Exudet

465 1270 652 1322 vitium
707 1268 992 1331 subeatque
1054 1270 1339 1318 latentibus
1395 1271 1534 1318 ultro

468 1346 598 1397 Quoe
633 1344 775 1397 facta
809 1351 890 1393 est
925 1344 1182 1394 medicina
1215 1344 1416 1395 malisz'
1459 1348 1532 1395 sic

465 1422 620 1483 malo,
641 1434 792 1485 quam
817 1421 1061 1468 Exudent.
1105 1420 1356 1483 Sequenti
1378 1435 1530 1469 versu

461 1498 631 1557 degere
654 1511 748 1558 pro
767 1496 925 1545 vivere
941 1495 1080 1544 idem
1102 1495 1253 1557 prim.
1278 1497 1450 1546 Vatic.
1475 1504 1531 1546 et

465 1584 572 1624 tres
596 1588 660 1624 ex
685 1576 904 1624 nostris:
943 1574 1100 1623 etiam
1124 1574 1304 1637 probe.
1347 1574 1530 1623 Malim

465 1658 520 1700 et
539 1665 730 1699 securo.-
763 1665 878 1699 nam
920 1650 1087 1711 prima
1125 1650 1209 1698 ed.
1231 1664 1430 1708 secur-e,-
1463 1650 1530 1698 de

409 1722 426 1734 ⁸
462 1740 570 1790 qno
589 1724 866 1774 videantur
883 1739 1000 1788 quae
1017 1730 1254 1774 notamus
1274 1725 1340 1773 ad
1357 1726 1528 1787 Epist.

465 1801 900 1865 Hypermnestrae
939 1802 988 1850 N
995 1800 1271 1864 asonianae,
1325 1818 1400 1851 vs.
1445 1806 1526 1852 64.

393 1936 400 1943 .
465 1876 534 1926 D.
557 1876 730 1925 Heius.

535 1952 658 2001 Fons
699 1952 836 2015 mali]
903 1952 1196 2017 scaturigo,
1248 1952 1525 2017 subjiciens

459 2041 572 2079 sese
591 2042 815 2090 semper.
851 2027 1029 2077 Barth.

526 2106 592 2151 20
625 2102 826 2164 Aulam]
890 2101 1174 2165 Imperium
1231 2103 1523 2153 Orientale.

465 2178 619 2229 Idm.

523 2258 588 2303 22
620 2254 847 2302 Lentu-are
866 2253 1038 2302 valebit
1059 2254 1295 2315 Oceanus]
1329 2254 1525 2303 Etiam-

457 2330 520 2393 si,
541 2330 632 2393 ait,
667 2343 871 2377 omnem
893 2328 1050 2377 maris
1071 2328 1302 2377 universi
1336 2328 1524 2379 undam

455 2406 745 2463 insumatis,
781 2419 883 2453 non
927 2404 1166 2467 poteritis
1204 2405 1380 2453 eluere
1424 2404 1524 2453 hoc

457 2486 659 2531 tanturn
683 2480 927 2529 dedecus,
996 2477 1148 2529 Idem.

521 2561 586 2607 23
621 2556 818 2619 Diluet]
881 2554 1012 2605 ’Am-l
1065 2557 1238 2605 delitet.
1320 2555 1488 2619 Supra
1505 2572 1520 2603 ι

455 2632 715 2681 ‘immotis
734 2632 938 2685 haesere
962 2630 1166 2693 piacula
1186 2630 1345 2680 fatis!
1369 2658 1372 2661 >

517 2713 584 2765 24
620 2708 844 2769 allegitur
863 2706 922 2757 ub
944 2707 1058 2769 exe]
1107 2706 1184 2755 Ab
1217 2708 1315 2754 alto
1340 2707 1520 2769 primae

455 2785 576 2834 edd.
599 2782 816 2847 Gyrald.
833 2788 888 2833 et
905 2797 1034 2831 unus
1053 2796 1120 2831 ex
1132 2782 1349 2832 nostris:
1383 2797 1520 2832 vere.

453 2858 636 2909 Altum
683 2857 822 2908 enim
877 2858 1125 2921 quicquid
1170 2856 1517 2921 profundum:

455 2942 656 3000 septem
680 2929 766 2984 alii
802 2934 1014 2995 infernas
1028 2950 1050 2991 ,·
1083 2939 1142 2989 ut
1165 2948 1282 2983 cum
1311 2935 1522 2985 cavernis

455 3014 826 3063 construatur:
879 3017 935 3058 et
975 3010 1028 3059 id
1074 3009 1390 3060 admiserim.
1445 3012 1519 3063 D.

451 3086 629 3137 Heius.

518 3161 746 3223 Mugitus
757 3160 815 3209 ab
829 3175 922 3209 axe
939 3160 1176 3211 Redditus
1189 3160 1400 3225 inferno]
1421 3164 1518 3213 Ta·

449 3238 528 3290 les
563 3236 792 3301 mugitus
828 3235 1032 3299 fingunt
1072 3237 1306 3301 prodigia
1342 3253 1518 3287 rerum

447 3312 931 3363 infelicissimarum.
965 3312 1143 3361 Barth.

515 3394 578 3439 25
616 3388 794 3437 Rabies
836 3402 1010 3437 arcana
1052 3402 1276 3437 cavernas
1325 3390 1518 3455 Vibroet]

447 3463 650 3515 Ventos
674 3465 905 3513 occultos
920 3463 1186 3527 intelligit,
1204 3465 1338 3514 unde
1361 3473 1518 3517 terrae

450 3548 638 3591 motus.
674 3540 824 3587 Idem.
1388 3562 1392 3569 ·

513 3618 580 3664 30
614 3613 890 3665 Instubilem
909 3614 1097 3676 rursus]
1130 3613 1266 3663 Nam
1292 3630 1322 3663 a
1345 3621 1513 3666 trans-

447 3689 526 3739 itu
545 3688 962 3752 Argonautarum
982 3689 1344 3739 constiterant.
1366 3692 1514 3742 Idem.

514 3770 578 3815 32
617 3766 768 3815 Tradi
802 3764 1016 3827 populos]
1052 3765 1126 3813 Ut
1151 3766 1420 3817 Furiarum
1443 3769 1516 3819 sit

448 3857 664 3909 regnum
685 3842 737 3890 in
755 3841 972 3891 Mundo.
1008 3842 1159 3893 Idem.
1383 3852 1386 3855 “

515 3924 579 3971 33
614 3920 850 3971 Mulciber
865 3920 1001 3980 ignes
1014 3920 1288 3987 Sparserat]
1309 3921 1512 3985 Ignium

445 3997 688 4061 prodigia
709 3994 1142 4060 frequentissima.
1183 3997 1326 4047 Nota
1347 3997 1512 4061 fulgu-

445 4086 524 4134 ra,
545 4072 794 4132 tonitrua,
813 4070 976 4133 faces,
999 4071 1147 4135 Solis,
1167 4072 1349 4137 Lunae,
1370 4074 1510 4123 labo-

447 4162 550 4213 tes,
569 4150 743 4213 lapsus
763 4149 1010 4208 siderum,
1023 4150 1119 4198 διο.
1139 4163 1250 4212 qnae
1266 4150 1354 4199 hic
1373 4164 1508 4199 com-

845 372 1062 421 NorAE
1109 370 1512 421 unionum
1561 369 1643 417 IN
1694 370 1805 417 οι.
1850 351 2127 419 anun‘.
2175 371 2316 421 xx.

1614 512 1835 561 Lucens.
1856 512 2013 561 vincta
2027 528 2043 560 .·
2074 511 2221 575 prim.
2258 511 2431 562 Vatic.
2472 517 2529 561 et
2560 511 2677 563 Ma·

1610 603 1713 637 zar.
1753 602 1871 636 cum
1916 590 2179 637 Oiseliano
2214 590 2371 639 victa:
2417 588 2557 653 quod
2596 602 2679 638 se·

1612 676 1760 725 quor.
1794 662 2011 725 Gyrald.
2028 668 2184 725 rapta.
2219 662 2387 713 Aldus
2408 670 2463 711 et
2486 664 2673 727 scripti

1610 738 1839 785 nonnulli
1884 742 2043 800 rapto,
2086 740 2310 802 quinque
2352 744 2527 801 rupto.-
2577 752 2673 802 pro

1610 812 1862 873 Mulciber,
1882 814 2105 862 Lucens.
2146 814 2391 873 Mulcifer.
2428 821 2488 863 ut
2526 828 2673 876 saepe

1608 887 1662 936 iu
1679 888 1895 937 vetustis
1912 888 2055 937 libris
2072 889 2227 938 scribi
2238 896 2342 950 tur,
2358 904 2389 937 a
2403 888 2675 939 mulcendo

1608 963 1782 1015 ferro:
1818 967 2055 1030 sequenti
2097 981 2249 1016 versu
2286 968 2409 1017 Hoee
2429 967 2676 1030 flagrant,

1606 1041 1723 1105 hoec,
1740 1056 1839 1092 non
1854 1043 1981 1103 hinc,
2001 1043 2213 1106 scripti:
2240 1044 2389 1093 bene.
2413 1044 2479 1093 D.
2498 1042 2671 1091 Heius.

1672 1115 1881 1177 Nereus]
1946 1118 2359 1181 Exundationes,
2426 1123 2671 1179 portenta

1608 1192 1759 1239 mala.
1794 1192 1975 1240 Barth.

1672 1270 1733 1314 35
1774 1266 1983 1315 Numina
1999 1264 2207 1329 poenam]
2232 1264 2482 1315 Occultat
2499 1279 2671 1315 rerum

1607 1341 1803 1389 semina
1825 1342 1964 1390 Deus
2002 1340 2100 1405 (uit
2123 1341 2263 1389 Plin.
2286 1340 2337 1389 in
2363 1338 2583 1404 Paneg.)
2618 1347 2673 1391 et

1606 1419 1910 1481 plerumque
1926 1418 2173 1466 bonorum
2193 1418 2541 1481 malorumque
2556 1430 2674 1467 cau-

1605 1510 1675 1544 sae
1698 1495 1794 1542 sub
1814 1494 2021 1543 diversa
2034 1494 2210 1557 specie
2232 1494 2429 1542 latent:
2454 1508 2515 1542 ac
2532 1499 2670 1542 teste

1606 1569 1881 1619 Lucretio:
1918 1570 1934 1597 ‘
1955 1572 2059 1619 Res
2096 1571 2341 1619 humanas
2382 1568 2458 1617 vis
2489 1568 2669 1618 abdita

1611 1646 1846 1710 quaedam
1873 1646 2123 1696 Obterit.'
2158 1648 2346 1695 Claver.

1664 1727 1727 1772 37
1763 1723 2011 1772 Ιηοιιηιὸαε
2033 1721 2255 1783 tridenti]
2313 1721 2389 1769 Ut
2427 1720 2667 1782 impellas

1601 1798 1653 1847 iu
1677 1803 1815 1847 totas
1837 1799 1953 1848 illas
1995 1804 2160 1847 terras
2192 1798 2293 1846 vim
2318 1802 2522 1845 tuorum
2543 1794 2671 1847 fluc-

1602 1882 1764 1923 tuum.
1806 1874 1979 1923 Barth.

1666 1953 1730 1997 39
1769 1948 1967 2011 Urbem]
2030 1948 2169 1997 Satis
2213 1947 2455 2010 equidem
2504 1946 2667 1996 incle-

1598 2032 1819 2088 menter,
1842 2042 1907 2075 ne
1930 2026 2099 2075 dicam
2118 2026 2241 2090 quid
2264 2027 2499 2090 amplius.
2528 2027 2665 2077 Sane

1601 2102 1783 2152 Romae
1808 2103 1995 2154 veteris
2026 2110 2314 2166 perpetuus
2351 2111 2405 2153 et
2439 2104 2666 2169 exquisi-

1602 2184 1683 2227 tus
1723 2183 1924 2227 amator
1969 2193 2071 2227 non
2109 2178 2283 2241 potuit
2324 2194 2498 2229 amare
2532 2181 2667 2231 hane

1599 2252 1821 2313 Novam,
1845 2268 1957 2317 quae
1978 2266 2214 2302 crescere
2238 2254 2439 2319 nequiit
2462 2254 2573 2303 sine
2595 2256 2669 2303 al·

1600 2330 1761 2378 terius
1786 2329 2137 2380 decremento.
2171 2330 2321 2382 Idem·

1664 2409 1728 2455 40
1765 2405 1941 2455 Omnia
1964 2406 2166 2469 tempus]
2203 2408 2379 2457 Omina
2413 2408 2667 2468 nonnulli,

1600 2489 1655 2530 et
1686 2483 1921 2546 sequenti
1946 2495 2092 2533 versu
2114 2486 2313 2533 discolor
2352 2499 2447 2547 pro
2467 2486 2666 2547 decolor.

1598 2559 1672 2609 D.
1696 2560 1869 2609 Heius.

1668 2636 1867 2698 Tempu-s
1885 2635 2043 2697 suum]
2078 2635 2199 2685 Non
2218 2635 2351 2684 enim
2370 2634 2663 2683 habueruut

1598 2709 1664 2758 ab
1686 2710 1834 2761 initio
1866 2709 2045 2759 mundi
2081 2710 2205 2773 tale,
2240 2716 2299 2759 ut
2329 2709 2497 2758 videri
2535 2709 2665 2758 vult.

1596 2786 1775 2835 Barth.
2169 2818 2173 2827 .

1660 2865 1722 2909 41
1760 2862 1965 2909 Decolor
1985 2859 2157 2923 imber]
2189 2860 2467 2923 Sanguine.
2508 2861 2677 2915 Idem..

1660 2942 1725 2986 42
1759 2937 1973 2985 Dissona
1988 2943 2136 2999 partu
2158 2936 2373 2998 Semina]
2407 2938 2663 2999 Transpo·

1595 3013 1717 3063 sitio
1741 3020 1821 3063 est
1845 3014 2119 3063 verborum
2153 3013 2221 3063 ob
2242 3028 2465 3063 versum.
2523 3014 2663 3063 Nam

1595 3088 1871 3137 dicendum
1914 3096 2039 3144 erat,
2070 3089 2347 3139 seminibus
2387 3089 2661 3153 incongrui

1595 3172 1791 3229 partus.
1854 3166 1939 3215 Sic
1961 3165 2123 3216 alibi:
2155 3166 2170 3192 ‘
2189 3166 2412 3215 Laetitiae
2448 3179 2661 3215 caussas

1591 3242 1798 3305 ignorat
1819 3242 1999 3291 dicere
2021 3240 2203 3291 miles.'
2237 3242 2369 3290 Cum
2392 3241 2523 3291 velit
2541 3256 2659 3304 per-

1592 3316 1791 3380 hibere,
1804 3320 1961 3367 dicere
1973 3317 2170 3367 militem
2182 3316 2405 3377 ignorare
2420 3332 2518 3367 sese
2532 3317 2663 3367 illae.
2736 3308 2749 3319 '

1593 3394 1761 3443 Idem.

1656 3472 1719 3516 45
1756 3468 1875 3517 Sine
1906 3465 2060 3529 more]
2094 3466 2304 3517 Praeter
2336 3483 2487 3517 usum
2528 3483 2665 3518 com-

1594 3557 1819 3593 munem.
1853 3544 2001 3593 Idem.

1657 3623 1721 3667 46
1755 3618 1958 3667 Pectora
1969 3617 2193 3681 fatidici]
2218 3618 2439 3683 Temjfici
2458 3619 2677 3669 exarati

1589 3694 1701 3743 fere
1739 3708 1951 3742 omnes:
2006 3695 2164 3759 idque
2204 3700 2363 3743 recte.
2436 3693 2657 3754 Statius,

1586 3769 1749 3819 Theb.
1773 3782 1859 3819 111.
1890 3771 1905 3797 ‘
1926 3770 2244 3832 terrificique
2260 3769 2429 3819 aberit
2446 3769 2653 3820 demen-

1589 3847 1660 3895 tia
1682 3846 1866 3895 Phoebi
1884 3845 1917 3895 :’
1950 3846 2151 3909 terrifici
2170 3846 2329 3894 etiam
2351 3850 2484 3895 votes
2512 3846 2655 3909 apud

1585 3920 1775 3984 virgil.
1808 3922 1877 3971 D.
1902 3920 2074 3969 Heius.

1650 3997 1897 4059 Ignea-ere
1932 3992 2121 4057 Phoebi]
2188 3992 2391 4043 Ardere
2431 3994 2482 4043 in
2524 4010 2663 4059 prat».

1585 4073 1857 4123 dictiones.
1891 4072 2069 4123 Barth.
2642 4132 2649 4139 ·

1648 4152 1713 4197 49
1746 4146 1985 4209 Fatalem]
2020 4147 2094 4195 Ut
2112 4147 2349 4196 nimirum
2372 4147 2469 4209 ipsi
2488 4147 2652 4205 atiani,

433 4225 836 4290 lprehenduntur
855 4224 1178 4287 paucissimis
1201 4224 1384 4275 verbis·
1429 4226 1507 4275 Id.
1581 4226 1721 4275 omni
1738 4224 1933 4273 honore
1965 4229 2020 4271 et
2055 4221 2313 4275 felicitate
2339 4222 2481 4274 velut
2500 4236 2665 4288 enee*

509 4303 578 4357 8⁴
614 4300 752 4363 Victo
789 4304 1072 4369 proruperat
1111 4297 1256 4362 015⁸·oe
1298 4298 1508 4365 Neu-em]
1580 4305 1841 4354 curentur.
1874 4298 2027 4351 Idem.
