3167 4984
599 375 777 444 1676
888 386 1561 444 No'rAE·vAltloltUM
1607 383 1856 440 mon.
1896 385 2514 442 cnaunsxxxm.

603 547 805 600 quoqne
822 533 963 586 more
986 551 1077 586 suo
1094 536 1329 599 Scaliger
1348 535 1402 586 in
1421 533 1664 598 Poeta'm,

598 625 755 676 quem
781 619 953 661 tamen
977 612 1223 660 damnare
1258 625 1359 660 non
1382 611 1570 660 audetz
1609 618 1666 660 at

598 685 955 742 ‘infeliciter-‚⁹
990 686 1177 752 inquit,
1207 692 1222 716 ‘
1248 687 1491 750 cupressi
1515 693 1664 736 natu·

602 775 711 812 ram
727 763 1006 824 expressit,
1020 776 1137 826 nam
1158 777 1219 812 ea
1239 762 1401 812 toedas
1418 777 1519 810 non
1538 761 1662 812 dat.’

600 837 792 890 Qua-so
843 845 915 896 te,
958 837 1051 887 Vir
1096 851 1295 902 magne,
1342 838 1456 902 quis
1492 839 1664 887 nescit

599 911 809 961 funebri
857 910 1025 962 officio
1080 914 1209 961 hanc
1258 912 1380 962 addi
1425 913 1664 961 solitam?

600 987 745 1036 Serv.
762 989 827 1034 ad
844 1001 928 1036 ιιι.
945 997 997 1035 ει
1016 1001 1093 1036 vr.
1124 988 1326 1037 AEneid.
1340 988 1481 1037 Plin.
1496 988 1531 1036 l.
1548 999 1670 1039 xvi.

600 1079 716 1128 cap.
753 1065 849 1113 8³(
873 1063 1043 1114 ovid.
1081 1079 1136 1115 x.
1194 1066 1410 1115 Metam.
1454 1065 1575 1114 Feb.
1615 1069 1664 1115 3.

600 1153 753 1204 quam
779 1139 966 1208 Horat.
1004 1139 1094 1189 lib.
1133 1155 1193 1189 ιι.
1228 1141 1331 1190 Od.
1358 1145 1434 1190 14.
1463 1141 1664 1192 invium

598 1217 777 1276 vocat,
796 1222 850 1264 et
874 1216 1043 1280 Epod.
1079 1215 1184 1266 od.
1208 1222 1255 1265 5.
1274 1215 1539 1276 funebrem.
1586 1217 1665 1267 Si-

598 1291 699 1340 lius
723 1291 757 1340 l.
778 1305 835 1341 x.
859 1285 1083 1344 moedam.
1150 1292 1329 1346 Quid?
1362 1293 1501 1356 quod
1536 1300 1662 1344 ante

600 1367 850 1430 templum
876 1368 1083 1416 Cereris
1116 1369 1391 1418 crescebat
1420 1367 1662 1434 frequen-

598 1443 801 1493 tius·ea
836 1443 1007 1493 arbor.
1062 1443 1207 1492 Serv.
1245 1443 1313 1492 ad
1354 1457 1417 1492 11.
1457 1444 1660 1494 AEneid.

595 1516 721 1580 fine,
775 1519 842 1567 ad
886 1518 1051 1568 illud:
1102 1519 1393 1582 ‘juxtaque
1446 1521 1660 1583 antiqua

597 1593 909 1658 cupressus!
973 1593 1085 1642 Iino
1108 1601 1164 1643 et
1186 1607 1335 1642 sacra
1365 1594 1487 1643 huic
1510 1596 1660 1646 Deae.

594 1669 731 1720 Stat.
762 1684 839 1720 ιν.
875 1668 1129 1719 Thebaid.
1166 1669 1183 1696 ‘
1208 1669 1377 1719 minor
1412 1684 1501 1720 ara
1543 1685 1662 1734 pro·

595 1742 771 1794 fundae
794 1745 1026 1807 Erigitur
1050 1743 1267 1793 Cereri.'
1316 1744 1381 1794 Id
1412 1753 1512 1808 est,
1532 1746 1662 1796 Pro·

597 1820 849 1882 serpinae:
886 1819 958 1868 nil
994 1818 1176 1867 mirum
1200 1833 1327 1884 ergo
1348 1821 1391 1868 si
1424 1835 1664 1886 praesaga

594 1891 791 1944 funeris
814 1895 993 1957 Ceres,
1014 1901 1069 1943 et
1096 1892 1367 1946 funebrem
1407 1897 1661 1960 arborem,

595 1975 651 2018 et
672 1983 836 2031 suam,
860 1969 926 2018 ad
960 1970 1075 2019 illos
1098 1983 1217 2020 usus
1242 1974 1660 2025 accommodarit.

596 2045 949 2096 Communiter
990 2052 1163 2096 tamen
1204 2047 1355 2096 taedae
1396 2050 1659 2112 nuptiales

593 2133 697 2170 non
742 2135 808 2170 ex
850 2135 1114 2185 cupresso,
1148 2122 1243 2170 sed
1284 2137 1351 2171 ex
1390 2123 1540 2187 spina
1589 2118 1663 2187 pi'·

594 2210 753 2260 nure,
794 2197 932 2247 Pliu.
968 2197 1004 2246 l.
1029 2209 1149 2247 xvi.
1182 2212 1229 2247 c.
1254 2202 1333 2248 18.
1368 2213 1435 2247 ex
1458 2200 1662 2249 Massu-

595 2271 689 2321 rio.
742 2271 893 2322 Maro
938 2272 993 2321 in
1030 2272 1186 2337 Cyri:
1235 2275 1251 2302 ⁴
1276 2274 1524 2325 Pronuba
1559 2289 1659 2326 nec

593 2353 767 2396 custos
788 2348 1047 2398 accendet
1069 2348 1217 2412 pinus
1237 2349 1463 2399 odores.'
1497 2351 1660 2400 Varro

592 2423 733 2488 apud
774 2424 1002 2474 Nonium
1043 2425 1095 2474 in
1134 2425 1423 2490 didascalo,
1466 2427 1533 2476 de
1569 2443 1660 2476 nu-

592 2511 737 2550 mero
758 2498 967 2564 facium,
989 2502 1303 2565 gestatione,
1315 2503 1531 2567 aliisque
1554 2504 1662 2554 riti·

592 2575 705 2625 bus.
754 2577 922 2641 Tiraq.
956 2576 1009 2625 in
1048 2576 1205 2626 Alex.
1251 2577 1341 2628 lib.
1361 2593 1424 2627 11.
1468 2594 1585 2643 cap.
1609 2586 1660 2631 6.

592 2649 727 2698 adde
760 2653 945 2700 senec.
984 2651 1173 2702 Octav.
1209 2660 1317 2703 act.
1340 2667 1407 2702 ιι.
1442 2669 1583 2706 scen.
1607 2660 1656 2705 2.

592 2731 699 2776 act.
738 2739 823 2775 111.
862 2741 1005 2775 scen.
1040 2731 1087 2775 1.
1131 2727 1307 2778 Plant.
1330 2728 1658 2792 Casina‚aet.

590 2814 633 2850 1.
654 2815 797 2851 scen.
821 2806 869 2852 1.
903 2803 1047 2852 Nota
1076 2805 1215 2868 apud
1248 2806 1507 2856 Romanos
1530 2823 1658 2870 pue-

590 2875 675 2928 ros
704 2877 934 2940 patrimus
971 2877 1113 2928 faces
1172 2879 1427 2944 preferre
1460 2883 1657 2936 solitos

589 2951 733 3002 Plut.
754 2952 935 3003 Probl.
959 2967 1077 3017 cap.
1098 2959 1150 3003 2.
1184 2955 1259 3005 At
1279 2957 1419 3020 apud
1440 2956 1656 3008 Grecos

589 3036 829 3091 matrem,
864 3037 925 3080 ut
960 3030 1044 3080 hic
1087 3031 1323 3092 habetur,
1360 3038 1417 3082 et
1451 3034 1658 3084 accedit

588 3105 765 3170 Eurip.
790 3105 975 3158 Phoen.
992 3107 1008 3133 ‘
1032 3108 1143 3171 Ego
1166 3114 1339 3158 autem
1362 3122 1533 3174 neque
1556 3109 1656 3160 tibi

584 3182 759 3232 lumen
798 3181 1017 3232 accendi
1056 3183 1337 3246 legitimum
1364 3184 1417 3233 in
1438 3185 1656 3250 nuptiis,

588 3255 725 3310 sicut
748 3258 904 3306 decet
924 3257 1181 3307 matrem!
1228 3259 1505 3322 Dempster.

652 3337 751 3382 ³80
798 3333 1007 3384 Posuere
1042 3337 1219 3400 comus]
1284 3336 1479 3386 Comum
1512 3337 1652 3390 libri.

570 3406 659 3464 j).
681 3407 857 3458 Heius.

648 3485 750 3532 386
780 3481 1011 3532 Animum
1043 3485 1107 3533 ud
1146 3486 1313 3535 limina
1346 3487 1507 3550 taxos]
1553 3490 1652 3537 Ar-

584 3571 716 3606 mare
732 3558 881 3620 prim.
899 3558 1209 3610 Vaticanus:
1236 3563 1489 3625 quomodo
1510 3563 1650 3625 apud

584 3632 764 3682 Silium
807 3633 841 3681 l.
881 3647 999 3686 xiv.
1042 3637 1057 3664 ‘
1083 3635 1349 3687 Armatam
1389 3638 1507 3688 hinc
1543 3640 1650 3702 igni

586 3708 761 3772 pinum
785 3716 836 3758 et
871 3710 1145 3762 devolvere
1177 3728 1301 3762 saxa
1330 3714 1651 3766 Certabant!

586 3784 767 3834 Pinum
788 3799 883 3848 pro
912 3783 1115 3838 facibus
1156 3789 1323 3852 pineis
1348 3792 1533 3853 ponit:
1570 3790 1648 3840 sic

584 3862 721 3912 enim
743 3861 875 3910 liber
896 3865 1151 3926 optimus:
1188 3866 1338 3928 vulgo
1370 3865 1535 3914 undem
1558 3865 1650 3913 mi-

582 3952 681 3988 nus
704 3939 851 3987 bene.
885 3938 1199 3987 Oxoniensis
1210 3940 1475 3989 animm
1488 3957 1509 3998 ,-
1526 3954 1650 4004 quo-

581 4012 739 4063 modo
758 4019 815 4062 et
838 4014 1059 4062 Claverii
1080 4015 1262 4073 codex,
1284 4015 1421 4078 quod
1441 4015 1518 4064 illi
1541 4017 1648 4079 pla-

582 4094 689 4149 cet,
729 4095 789 4138 nt
834 4102 983 4138 ruere
1019 4103 1111 4151 pro
1154 4102 1339 4138 eruere
1378 4097 1644 4140 sumatur:

580 4164 887 4229 subscripsit
918 4166 1157 4228 Ciarerio
1194 4166 1455 4217 Barthius.
1520 4169 1648 4217 Vul-

577 4243 711 4305 gsta
728 4239 890 4293 lectio
905 4241 1072 4306 proba
1088 4247 1173 4294 est
1192 4248 1251 4294 et
1268 4242 1506 4308 eiegsusz
1540 4246 1648 4296 ssi-

1695 515 1709 526 *
1737 533 1900 584 mli
1933 533 2094 584 verbo
2115 529 2436 598 'frequenter
2459 525 2625 582 utitu'r=
2647 529 2814 584 ctia-

1740 609 1953 670 dianus3
1989 609 2124 660 libro
2155 623 2216 658 11.
2254 609 2305 656 in
2341 605 2512 658 Rufin.
2548 609 2565 634 ‘
2585 605 2828 656 Flexilis-

1739 685 1964 734 inductis
1999 685 2257 734 animatur
2300 684 2488 733 lamina
2507 683 2753 734 membris
2771 681 2810 732 ι’

1741 761 1828 810 ubi
1867 775 2141 824 perperam
2173 775 2291 810 cum
2317 760 2526 822 scriptis
2547 758 2814 812 nonnullis

1739 836 1961 885 Ιιαιηαιιιι·
1977 837 2178 900 legunt.
2198 837 2246 885 N
2253 844 2362 898 upt.
2379 835 2598 884 Honor-ii
2616 851 2630 883 z
2653 835 2670 862 ‘
2687 834 2826 885 sub-'³

1739 911 1825 959 itis
1865 911 2158 960 animantur
2193 909 2464 959 frondibus
2497 907 2718 959 hastaez’
2751 915 2812 961 et

1739 985 1892 1046 alibi;
1937 986 1954 1012 ‘
1973 985 2102 1048 juga
2135 983 2332 1033 deserit
2373 983 2546 1032 Haemi
2575 983 2810 1046 Orpheis

1741 1062 1966 1110 animata
1985 1059 2203 1110 modis:'
2235 1059 2374 1124 quod
2405 1073 2474 1108 ex
2499 1058 2671 1108 Statio
2691 1057 2814 1107 imi-

1742 1142 1880 1186 tatus
1916 1135 2080 1185 Theb.
2116 1149 2238 1185 viu.
2264 1136 2280 1162 ‘
2301 1135 2516 1198 'syriam
2540 1133 2810 1197 reptantia

1741 1225 1866 1260 saxa
1897 1209 1982 1260 Ad
2015 1211 2224 1274 chelyn,
2264 1216 2320 1259 et
2355 1211 2551 1260 subitas
2575 1209 2809 1260 animan·

1741 1292 1847 1336 tem
1869 1285 2158 1349 Amphiona
2175 1285 2390 1336 cautes.'
2423 1286 2574 1336 Idem
2589 1285 2814 1336 Sumen·-

1741 1361 1850 1410 tino
1872 1361 2056 1410 Pollii:
2081 1363 2098 1390 ⁸
2117 1360 2174 1410 Si
2199 1361 2322 1425 quid
2343 1360 2548 1424 Apellei
2571 1361 2807 1424 gandent

1737 1437 1990 1486 animasse
2022 1437 2285 1502 liquores?
2331 1439 2478 1488 Idem
2505 1440 2714 1489 Pietate
2739 1438 2812 1488 A-

1722 1513 1990 1565 ,bascantii
2011 1529 2026 1562 t
2058 1515 2074 1540 ‘
2090 1515 2148 1563 Si
2171 1529 2352 1564 manus
2374 1521 2466 1563 aut
2483 1515 2678 1564 similes
2713 1515 2808 1564 do-

1735 1590 1849 1640 cilis
1886 1589 2008 1638 mihi
2061 1588 2260 1653 fingere
2301 1603 2467 1651 ceras,
2517 1589 2630 1638 Aut
2669 1589 2808 1640 ebur

1733 1665 1992 1728 impressis
2029 1679 2276 1715 aurumve
2323 1666 2549 1716 animare
2587 1664 2808 1728 figuris!-

1733 1740 1901 1790 Theb.
1925 1755 1997 1789 vr.
2032 1743 2048 1769 ‘
2075 1741 2212 1790 Exin
2235 1742 2616 1804 magnanimum
2640 1740 2808 1792 series

1735 1816 1945 1879 antiqua
1963 1822 2236 1880 parentum
2269 1817 2540 1868 Invehitur
2569 1817 2712 1866 miris
2747 1817 2808 1865 in

1735 1891 1930 1940 vultum
1969 1890 2194 1942 animata
2229 1891 2442 1956 liguris?
2509 1893 2574 1941 In
2614 1893 2806 1940 vultum

1732 1965 1947 2016 animatu
1985 1974 2043 2014 ut
2077 1967 2344 2028 sylvarum
2391 1965 2570 2029 tertio,
2603 1967 2810 2030 Lucry·⁴

1671 2043 1682 2054 ’
1733 2041 1830 2090 mis
1865 2042 2106 2092 Etrusciz
2139 2043 2155 2070 ⁴
2177 2043 2310 2094 Quae
2339 2041 2514 2090 divum
2549 2041 2601 2093 in
2625 2042 2806 2092 vultus

1732 2116 1839 2180 igni
1855 2115 2082 2166 formata
2098 2118 2354 2183 liquescat
2371 2116 2651 2167 Machina!
2670 2117 2808 2166 Pen-

1735 2194 1906 2242 tadius
1945 2194 2012 2242 de
2053 2195 2282 2244 adventu
2317 2194 2452 2243 veris
2497 2207 2564 2242 ex
2597 2193 2804 2257 optimo

1734 2269 1946 2319 codice:
2000 2270 2015 2297 ‘
2034 2270 2236 2332 Sentio,
2278 2269 2418 2333 fugit
2453 2271 2652 2333 hyems,
2671 2302 2680 2314 ·
2699 2271 2804 2320 Ze-

1734 2345 2010 2410 phyrisque
2062 2347 2413 2396 animantibus
2453 2345 2636 2396 orbem
2675 2345 2802 2398 Jam

1734 2428 1882 2486 tepet
1929 2425 2098 2472 Eurus
2156 2423 2319 2488 aquis.
2409 2425 2612 2486 Sentio,
2659 2419 2804 2486 fugit

1733 2498 1910 2564 hyems
1926 2500 1958 2549 ε’
1981 2501 2138 2563 vulgo
2151 2499 2440 2550 moventibus
2459 2498 2632 2550 orbem.
2674 2499 2802 2550 Ani·

1733 2575 1858 2624 mari
1895 2575 2055 2639 igitur
2077 2575 2216 2634 faces
2253 2576 2412 2626 dictae
2451 2589 2572 2640 qum
2613 2589 2804 2626 accen·

1734 2651 1928 2700 duntur
1948 2667 1963 2698 z
2019 2651 2095 2700 sic
2137 2653 2338 2701 luem
2374 2651 2580 2700 «aunem
2626 2651 2804 2702 Varro

1733 2725 1866 2776 dixit
1885 2727 2146 2788 Bimarco‚
2167 2728 2182 2755 ‘
2207 2728 2540 2778 Noctilucam
2563 2728 2712 2790 tollo,
2731 2727 2803 2778 ad

1731 2800 1905 2852 focum
1934 2801 2064 2865 fero,
2094 2801 2246 2854 inflo:
2285 2805 2455 2852 anima
2475 2803 2745 2855 reviviscit
2763 2803 2804 2853 :'

1732 2878 1882 2942 plura
1913 2877 2011 2928 hoc
2049 2880 2166 2930 loco
2205 2880 2446 2930 secundis
2489 2880 2627 2930 curis
2665 2881 2802 2930 Bar·

1731 2953 1882 3005 thius.
1949 2953 2074 3002 Pari
2093 2954 2246 3005 modo
2269 2961 2326 3004 et
2340 2956 2358 2983 ‘
2377 2955 2518 3004 vivas
2541 2954 2804 3006 lucernas’

1729 3029 1982 3080 Horatius
2005 3031 2177 3083 dixit.
2253 3032 2474 3081 Plautus
2507 3030 2802 3094 Aulularia,

1729 3113 1835 3157 act.
1855 3121 1892 3158 1.
1913 3122 1984 3158 sc.
2004 3112 2053 3158 2.
2081 3109 2097 3136 ‘
2119 3109 2176 3158 Si
2201 3108 2342 3158 vivet
2373 3109 2527 3172 ignis,
2551 3116 2608 3158 tu
2627 3109 2802 3158 extin-

1727 3197 1888 3247 guere
1910 3183 2246 3247 extempulo?
2294 3184 2516 3234 Ovidius
2550 3199 2627 3234 vr.
2655 3186 2798 3236 Met.

1723 3259 1740 3286 ‘
1767 3260 1897 3308 Cum
1940 3259 2088 3310 videt
2126 3260 2406 3310 AEsonidcn
2455 3261 2808 3326 extinctaque

1725 3331 1932 3384 flamma
1966 3334 2158 3384 revixit
2173 3333 2207 3383 ε’
2269 3334 2344 3384 ita
2379 3350 2444 3384 ex
2483 3335 2798 3388 membranis

1725 3409 2076 3472 scribendum,
2118 3425 2224 3461 non
2262 3412 2470 3460 reluxit.-
2531 3414 2684 3476 plura
2722 3412 2798 3462 ad

1722 3484 1865 3536 illum
1890 3486 2076 3536 locum.
2141 3487 2406 3537 Caeternm
2441 3489 2544 3538 ruit
2581 3489 2796 3540 anime

1722 3567 1904 3611 nostro
1925 3561 2141 3623 dictum,
2163 3569 2222 3612 ut
2241 3563 2346 3612 ruit
2375 3562 2534 3614 aiem
2562 3562 2796 3626 Proper·

1725 3638 1800 3686 tio
1822 3638 1854 3686 Ι.
1877 3650 1954 3687 ιν.
1981 3639 2064 3686 ΕΙ.
2088 3642 2136 3688 1.
2167 3639 2183 3665 ‘
2212 3639 2332 3690 Quo
2363 3639 2468 3686 ruis
2489 3638 2792 3700 imprudens

1725 3728 1858 3775 vaga
1892 3713 2069 3764 dicere
2103 3712 2266 3776 facta,
2298 3713 2544 3777 Properti
2561 3712 2598 3761 Ρ
2639 3720 2798 3767 rsa-s

1719 3791 1840 3840 scire
1881 3791 2088 3840 Lucano
2124 3791 2214 3840 lib.
2250 3805 2352 3840 vu.
2408 3791 2589 3842 ‘Scire
2625 3800 2793 3844 ruunt

1723 3872 1920 3929 quanta
1963 3865 2160 3916 fuerint
2209 3867 2450 3917 mercede
2489 3873 2740 3918 nocentes
2751 3866 2790 3918 ε’

1723 3946 1780 3991 ιιι
1821 3941 1928 3990 illic
1963 3941 2174 4003 optimae
2205 3942 2536 3993 membranae.
2589 3943 2792 4005 Perpe-

1721 4015 1836 4064 ram’
1852 4017 2013 4064 odunt
2037 4017 2092 4065 in
2122 4019 2360 4080 vulgatis.
2405 4018 2603 4068 Statius
2623 4017 2790 4071 Theb.

1720 4103 1797 4140 vr.
1831 4091 1847 4117 ‘
1866 4091 1974 4141 ruit
2019 4091 2371 4156 Haemonium,
2403 4093 2530 4144 dum
2552 4093 2814 4146 fervidas·

1718 4165 1880 4216 instat
1928 4165 2213 4220 Admetum
2259 4183 2508 4234 superare
2562 4170 2732 4220 'l'hoas
2743 4168 2790 4220 ι’.

1717 4241 1812 4296 ub.
1848 4253 1948 4296 vn.
1990 4243 2328 4299 ‘novercales
2367 4246 2566 4298 ruimus
2613 4245 2788 4301 ditare
