3167 4984
575 402 755 482 155ss

574 560 728 623 Saepe
753 560 1003 622 clausum,
1040 576 1205 625 saepe·
1220 562 1483 611 dimissum
1519 575 1655 617 cum:

574 637 763 691 Gothis
786 638 893 687 suis
914 638 1177 693 Aiaricnm
1198 638 1297 688 alio
1317 636 1479 687 refert
1502 637 1635 687 Oro-

570 714 692 763 sius.
714 750 725 755 -
776 714 1208 777 Demutationem
1252 719 1421 762 autem
1465 714 1637 763 innuit

574 787 907 848 Claudianus,
929 805 1029 853 qua
1062 790 1259 838 hostem
1284 794 1504 851 urgente
1528 803 1634 838 mo·

570 871 701 915 nent
742 865 1104 927 persecutione
1148 863 1507 913 abstinendum
1554 878 1652 925 sa·,

572 940 795 1003 pientes.
827 939 1024 998 Barth..

636 1020 701 1077 98
764 1014 984 1065 Ventum
1024 1015 1206 1063 conseia
1262 1014 1450 1078 mortis]
1514 1016 1646 1065 Non·

577 1090 767 1153 aunem,
788 1090 1001 1154 scripti:
1058 1090 1188 1139 vidit
1234 1092 1495 1141 Bartbius.
1563 1094 1632 1143 D.

573 1166 747 1217 Heius.

639 1246 732 1291 100
770 1242 944 1291 Procul
958 1246 1115 1291 arceat
1129 1244 1255 1292 altus
1268 1241 1487 1306 Jupiter]
1511 1243 1632 1293 Non

570 1316 737 1367 arcuit
761 1317 849 1365 diu
869 1322 987 1380 post
1006 1317 1103 1366 hoc
1123 1317 1372 1380 scriptum
1394 1334 1407 1366 ς
1442 1317 1633 1367 abomi-

569 1392 713 1443 natio
729 1392 907 1453 solita,
941 1390 1028 1441 ubi
1052 1392 1119 1443 de
1142 1392 1365 1443 bostium
1387 1394 1632 1457 successi-

568 1467 665 1517 bus
689 1482 857 1517 sermo
880 1475 980 1517 est.
1032 1468 1219 1520 -Sedem
1242 1470 1439 1525 Quirini
1474 1477 1632 1531 vocat

566 1542 806 1606 Romam,
840 1544 989 1607 cujus
1010 1558 1133 1593 casu
1152 1544 1241 1594 diu
1261 1546 1401 1609 apud
1424 1547 1654 1621 Capitogg

510 1610 515 1617 ’
566 1619 691 1667 lium
715 1625 990 1673 ostentata.
1025 1619 1204 1669 Bau-tri.

634 1699 724 1743 101
761 1694 971 1743 Delubra
990 1695 1490 1760 Numoe,sanctmque
1511 1700 1646 1755 Qui-.

564 1770 689 1833 riui]
719 1770 807 1819 Sic
832 1770 885 1819 in
918 1783 1033 1819 meo
1056 1772 1159 1821 Ms.
1183 1772 1403 1821 antebac
1427 1773 1631 1837 legeba-

564 1852 685 1897 tur:
736 1844 947 1897 Delubra
992 1846 1185 1911 Numa,
1223 1850 1465 1913 sedemque
1510 1850 1630 1907 Qni-

564 1938 679 1971 nnn.

633 2000 727 2045 103
761 1996 999 2047 Arcanum
1016 1998 1143 2048 tanti
1160 1998 1323 2063 regni]
1353 2002 1529 2063 Sacra,
1539 2017 1630 2065 pe·

562 2073 805 2133 netralia,
826 2072 1013 2123 Sedem
1031 2074 1275 2137 Imperii:
1308 2076 1491 2141 quibus
1508 2077 1629 2125 visis

563 2151 840 2201 admiratio
875 2153 1009 2202 tanti
1049 2154 1219 2217 Regni
1262 2154 1626 2217 imminuatur3

562 2240 666 2277 non
705 2226 845 2288 visis,
884 2228 1137 2291 Majestas
1176 2231 1403 2279 exterior
1438 2245 1628 2281 numen

564 2304 821 2369 quoddam
846 2304 985 2353 intus
1008 2304 1241 2354 babitans
1262 2304 1429 2369 fingit.
1474 2306 1626 2368 Spar·

563 2380 825 2443 gebautur
858 2380 1027 2429 veteri
1066 2396 1207 2429 more
1244 2381 1457 2431 Arcana
1489 2398 1628 2446 quae-

564 2455 683 2506 dam
720 2457 949 2515 Deorum
990 2455 1231 2520 deposita
1274 2459 1627 2521 penetralibus

561 2544 863 2595 magnarum
885 2532 1083 2581 urbium
1103 2534 1319 2594 servari,
1338 2534 1525 2597 quibus
1547 2549 1628 2583 sa-

559 2605 639 2655 lus
679 2607 878 2671 imperii
921 2608 1076 2676 salvis
1130 2616 1410 2659 constaret.
1495 2610 1628 2659 Tale

561 2682 829 2732 Palladium
868 2684 1045 2747 'l'rojae
1081 2692 1227 2745 erat;
1276 2686 1455 2735 Vestoe
1494 2684 1628 2748 ignis

563 2756 761 2807 Romae.

626 2831 955 2899 Deprendere]
988 2834 1107 2883 Non
1124 2834 1261 2885 enim
1281 2836 1632 2891 enarrabatur:

560 2906 810 2972 alioquin,
830 2923 927 2959 nec
949 2911 1115 2959 oculis
1137 2910 1509 2973 exponebatur.

624 2989 721 3033 108
763 2985 900 3036 Vires
937 2988 1174 3037 Exercet-e
1210 2988 1380 3052 dabat]
1428 2988 1644 3057 Dabunt

559 3074 678 3111 cum
714 3061 1026 3115 'membranis
1061 3064 1295 3113 omnibus
1330 3064 1622 3127 legendum.

558 3136 959 3200 Vulgatajectio
973 3139 1381 3203 Raphelengium
1394 3140 1626 3203 decepit,

558 3212 649 3275 qui
668 3226 733 3261 ex
756 3214 1065 3275 conjectura
1088 3216 1195 3263 Viri
1218 3215 1451 3275 maximi,
1468 3216 1624 3265 virtus

558 3288 1004 3345 Exercet-edebat.-
1036 3290 1208 3339 malim
1247 3299 1302 3340 et
1338 3295 1487 3352 tutas,
1525 3306 1621 3354 pro

556 3367 692 3421 ἐντος
726 3371 871 3413 certe
907 3365 1008 3414 duo
1030 3365 1273 3415 Vaticani
1306 3372 1444 3417 totas.
1510 3368 1619 3417 Pro

553 3438 741 3488 diversa
762 3440 974 3503 Gyrald.
994 3445 1053 3489 et
1086 3447 1311 3504 quatuor
1342 3443 1426 3492 alii
1447 3444 1618 3493 divini.

557 3515 631 3565 D.
654 3514 835 3565 Heius.

626 3594 723 3639 109
757 3591 1027 3653 Regiumque
1041 3591 1243 3655 cateuoe]
1280 3594 1497 3641 caterve
1514 3609 1621 3643 rec·

556 3664 661 3714 tius
686 3680 869 3715 novem
887 3666 1021 3716 libri.
1052 3668 1201 3717 Idem.

626 3742 806 3789 Currus
838 3756 1087 3804 reg-umque
1105 3745 1304 3808 calente]
1339 3745 1493 3808 Capti
1530 3745 1620 3794 tri·

558 3816 892 3879 nmphatique
919 3818 1105 3881 Reges.
1140 3820 1318 3869 Barth.

626 3897 721 3943 11⁰
754 3891 1051 3942 Almndantis
1082 3894 1213 3957 sati]
1268 3896 1389 3947 Quo
1437 3910 1617 3944 carere

558 3974 801 4035 poteraut
823 3969 958 4017 citra
982 3968 1362 4019 detrimentum.
1403 3970 1551 4020 Idem.
1619 4004 1624 4011 ·

625 4049 717 4095 111
759 4044 1108 4108 Circumsteeit]
1153 4047 1227 4094 Ut
1265 4061 1442 4109 magua
1480 4046 1613 4108 peri·

557 4120 675 4170 cula
698 4120 862 4169 videri
885 4122 1073 4170 solent.
1124 4122 1390 4185 Virgilius,
1415 4122 1527 4172 AEn.
1551 4137 1632 4171 11..

554 4196 571 4225 ⁴
596 4195 672 4246 At
696 4211 775 4244 me
802 4206 910 4245 tum
949 4197 1170 4260 primum
1204 4212 1369 4247 saevus
1403 4198 1618 4253 circum-

558 4271 949 4328 stetit.borror.’
984 4272 1136 4323 Idem.
1172 4320 1197 4331 „

896 418 1113 468 No'rAE
1163 416 1693 473 vamoRUMssN
1743 416 1860 465 Cb·
1903 414 2183 468 GLAUD.
2233 416 2456 465 XXVI.

1737 592 1742 599 -
1781 562 1874 609 113
1925 559 2076 610 Rufio
2120 554 2554 621 reatosafsavoris]
2575 592 2583 601 .
2604 556 2783 611 Vento.

1714 656 1853 691 aurae
1871 650 2108 707 aquator
2130 644 2282 695 favor
2297 645 2582 709 popularis.
2627 645 2792 705 Idan-2

1781 718 1928 769 Ratio
1967 724 2153 769 ventosa
2179 720 2392 783 favoris]
2439 720 2639 774 Furoris
2667 719 2778 783 Gy·

1713 792 1844 843 rald.
1867 801 1924 842 et
1947 794 2050 844 duo
2069 795 2191 855 alii;
2224 796 2327 845 dno
2349 796 2582 847 Medicei
2603 801 2658 847 et
2675 795 2780 844 Pa-

1713 867 1803 917 lat.
1825 868 2010 923 timoris
2023 885 2043 927 ,·
2073 869 2210 921 forte
2243 872 2459 937 tumoris.
2521 872 2628 924 Pro
2649 886 2790 935 spec·-

1711 947 1816 991 tata
1838 943 1938 993 dno
1962 944 2085 996 libri
2106 950 2334 1009 suspectu.
2367 947 2439 997 D.
2461 946 2644 998 Heius.
2775 985 2784 997 .

1779 1023 1874 1068 118
1911 1022 2012 1070 Nec
2045 1036 2134 1085 pro
2171 1036 2380 1071 succum
2415 1020 2778 1083 tumidasJNi-

1711 1098 1834 1151 mins
1855 1098 2128 1161 eleganter
2149 1096 2331 1161 scripti
2351 1098 2607 1162 plerique.
2661 1096 2784 1147 Proe.

1708 1187 1916 1223 successu
1933 1173 2088 1222 etiam
2111 1181 2222 1237 opt.
2252 1173 2488 1223 Ambros.
2508 1172 2649 1235 apud.
2671 1172 2777 1221 Ta-

1709 1249 1892 1311 citum,
1926 1248 2018 1301 lib.
2044 1262 2120 1301 11..
2139 1250 2279 1299 Hist.
2312 1250 2327 1277 ‘
2351 1248 2568 1301 Galeria
2599 1247 2774 1311 Impe-

1708 1326 1892 1376 ratoris
1915 1340 2044 1375 uxor
2067 1340 2170 1375 non
2191 1327 2350 1376 nimia
2382 1325 2614 1377 tristibus
2632 1322 2666 1373 ι’
2695 1324 2770 1375 sic
2828 1376 2834 1380 ,

1707 1408 1764 1451 et
1800 1401 1979 1451 Livius
2019 1402 2274 1451 Manlium
2306 1402 2322 1431 ‘
2348 1400 2560 1451 nimium
2600 1396 2786 1449 animi&

1708 1478 1959 1539 appellat.
2039 1477 2297 1541 Vopiscus
2349 1477 2405 1525 in
2460 1475 2792 1545 Aurelianos

1705 1553 1721 1579 ⁴
1745 1552 1950 1602 Nimius
1973 1558 2072 1614 est,
2110 1553 2303 1601 multus
2339 1558 2436 1613 est,
2476 1551 2646 1615 grauis
2668 1557 2782 1619 est„

1709 1628 1772 1678 ad
1795 1634 1976 1677 uestra
1997 1641 2098 1677 nou
2133 1626 2266 1677 facit
2291 1624 2560 1691 tempora!
2616 1624 2770 1689 Capi·

1707 1702 1897 1752 tolinus
1941 1703 1993 1751 in
2038 1701 2338 1763 Gordianis,
2379 1704 2394 1729 ‘
2421 1702 2658 1753 Moribus
2694 1703 2770 1756 ita

1705 1777 2024 1841 moderatus,
2035 1784 2094 1827 ut
2103 1778 2230 1827 nihil
2247 1776 2412 1842 possis
2423 1777 2617 1840 dicere,
2629 1776 2769 1843 qnod

1706 1854 1797 1903 ille
1835 1860 1928 1903 aut
1947 1853 2156 1917 cupide,
2191 1858 2282 1903 aut
2318 1852 2646 1915 immodeste,·
2676 1859 2782 1903 ant.

1705 1930 1860 1979 nimie
1883 1929 2099 1993 ageret!
2137 1928 2339 1978 Seneca
2363 1928 2780 1991 Agamemnone,-

1705 2020 1780 2056 vs.
1801 2008 1882 2055 84.
1914 2006 1930 2032 ⁴
1953 2005 2191 2069 Quasque
2211 2003 2463 2067 superbos
2498 2002 2600 2053 urit
2622 1996 2778 2053 Eriu0'

1703 2096 1803 2144 nys
1825 2080 2024 2131 Nimius
2045 2094 2246 2143 semper
2267 2079 2512 2129 comitata
2533 2077 2711 2131 domos
2732 2078 2768 2129 ε’

1701 2155 1775 2204 sic
1795 2155 2016 2217 optimus
2033 2153 2324 2211 Medicens.
2359 2153 2530 2216 Vulgo
2547 2155 2778 2211 tumidas„

1703 2228 1964 2280 Martialis
2003 2230 2184 2292 Spect.
2232 2231 2247 2257 ‘
2271 2228 2516 2282 Qualiter.
2550 2229 2604 2277 in
2643 2230 2774 2293 Scy-²

1703 2306 1845 2355 thica
1867 2306 2119 2369 religatus
2141 2319 2268 2367 rupe
2293 2304 2635 2353 Prometheus
2669 2301 2768 2361 As·

1665 2405 1678 2421 ·
1701 2381 1896 2430 siduam
1933 2380 2091 2430 nimio
2135 2388 2349 2443 pectore
2394 2378 2540 2442 pavit
2575 2378 2775 2440 avem).

1705 2456 1872 2506 Nimio
1889 2463 2092 2519 pectore,
2115 2457 2211 2506 hoc
2233 2462 2334 2517 est,
2357 2454 2408 2504 in
2429 2467 2604 2517 poenas
2637 2468 2764 2503 sem·

1704 2547 1798 2595 per
1820 2533 2078 2582 crescenti
2119 2541 2173 2580 et
2214 2532 2364 2581 nimis
2405 2530 2666 2594 foecundo,
2703 2537 2766 2580 nt

1698 2608 1946 2671 Virgilius
1967 2607 2208 2671 loquitur.
2251 2607 2394 2656 Male
2418 2622 2543 2669 ergo
2565 2608 2686 2655 audo
2707 2614 2768 2655 et

1699 2687 1805 2736 vivo
1835 2691 2020 2750 pectore
2053 2686 2347 2751 conjiciunt.
2411 2685 2610 2736 Statius
2641 2684 2767 2747 Epi-

1701 2761 1850 2812 cedio
1889 2763 2091 2811 Patris:
2138 2762 2154 2790 ‘
2180 2761 2364 2811 nimius
2400 2760 2622 2809 fortasse
2659 2759 2776 2817 avi-5

1700 2836 1900 2901 dusque
1937 2837 2128 2886 doloris
2165 2838 2331 2886 Dicor
2349 2836 2392 2893 ε’,
2435 2841 2492 2884 et
2529 2835 2762 2894 ibidem;

1700 2911 1715 2938 ‘
1741 2911 1960 2973 raperis,
1997 2910 2220 2974 genitor,
2252 2925 2354 2958 non
2398 2910 2597 2973 indigus
2644 2909 2762 2971 aevi,

1701 2985 1821 3035 Nou
1865 2984 2086 3035 nimius.'
2176 2984 2503 3035 Achilleide:
2562 2985 2577 3012 ⁴
2606 2984 2773 3045 Nunc,

1697 3061 1882 3110 nimius
1904 3061 2057 3110 lateri
2094 3076 2194 3111 uon
2228 3062 2472 3111 evitantis
2496 3056 2774 3109 adhaeret.’.

1699 3136 1846 3186 Idem.

1762 3212 1867 3259 Nec
1903 3226 1992 3273 pro
2034 3226 2243 3261 successu
2267 3209 2517 3273 tumidus]
2573 3204 2770 3269 Efferri,

1696 3299 1866 3335 rerum
1889 3301 2156 3347 successu,
2174 3294 2358 3335 contra
2379 3284 2647 3335 consilium
2669 3285 2760 3343 Sa·

1697 3362 1908 3424 pientiae
1943 3368 2039 3410 est.
2107 3361 2295 3411 Horat.
2327 3362 2362 3409 l.
2387 3361 2650 3421 u.·Carm.
2676 3364 2768 3411 10..

1695 3439 1710 3465 ‘
1736 3428 1905 3485 Rebus
1927 3437 2159 3499 angustis
2180 3438 2437 3486 animosus
2455 3444 2611 3500 atque
2634 3436 2758 3484 For-

1698 3512 1762 3561 tis
1778 3527 1844 3575 ap
1852 3527 2001 3575 pare:
2041 3512 2303 3575 sapienter
2320 3513 2456 3563 idem
2472 3511 2770 3565 contrahes.

1696 3595 1851 3635 vento
1876 3586 2085 3636 nimium
2105 3589 2330 3638 secundo
2363 3588 2589 3651 Turgida
2611 3584 2761 3636 vela.’

1694 3663 1873 3712 Barth.
2767 3691 2774 3699 ,

1760 3741 1854 3786 122
1892 3740 2219 3802 Parcendoque
2258 3738 2409 3801 secat]
2462 3740 2756 3803 Utrumque

1694 3815 1846 3864 simul
1869 3830 2045 3879 agens,
2067 3830 2281 3879 parcere
2301 3822 2354 3865 et
2378 3829 2581 3875 secare..
2611 3808 2766 3864 Idem.

1756 3891 1968 3951 Longius
2003 3890 2132 3951 acto]
2175 3890 2384 3951 Largius
2419 3889 2603 3953 scripti
2643 3890 2768 3950 fere,

1693 3981 1898 4015 omues:
1938 3966 2078 4028 prior
2098 3966 2235 4014 Mor.
2261 3966 2419 4013 latius.
2454 3966 2524 4015 D.
2547 3964 2730 4018 Heius.

1759 4047 1851 4091 127
1893 4041 2058 4088 Niveis
2079 4041 2346 4105 quadrigis]
2397 4041 2616 4103 Camillo
2654 4041 2768 4103 hot:3

1690 4120 1924 4168 invisum.
1959 4119 2140 4167 Barth.
2599 4174 2603 4179 .

1757 4198 1852 4243 130
1889 4194 2028 4242 Nulli
2057 4193 2224 4257 pervia
2252 4191 2424 4256 culpce]
2471 4192 2754 4242 Contemto

1692 4283 1814 4321 auro
1833 4269 2014 4333 Regio.
2057 4269 2120 4319 Iu
2139 4284 2241 4335 quo
2259 4270 2568 4333 animositas.
2601 4269 2774 4335 laqus-v,
